@article{watts2002simple,
  title={A simple model of global cascades on random networks},
  author={Watts, Duncan J},
  journal={Proceedings of the National Academy of Sciences},
  volume={99},
  number={9},
  pages={5766--5771},
  year={2002},
  publisher={National Acad Sciences}
}

@article{backlund2014effects,
  title={Effects of temporal correlations on cascades: Threshold models on temporal networks},
  author={Backlund, Ville-Pekka and Saram{\"a}ki, Jari and Pan, Raj Kumar},
  journal={Physical Review E},
  volume={89},
  number={6},
  pages={062815},
  year={2014},
  publisher={APS}
}

@article{arfken1985incomplete,
  title={The incomplete gamma function and related functions},
  author={Arfken, G},
  journal={Mathematical Methods in Physics, Academic Press, Orlando FL},
  pages={565--572},
  year={1985}
}

@book{feller2008introduction,
  title={An introduction to probability theory and its applications},
  author={Feller, Willliam},
  volume={2},
  year={2008},
  publisher={John Wiley \& Sons}
}

@book{anderson1992infectious,
  title={Infectious diseases of humans: dynamics and control},
  author={Anderson, Roy M and May, Robert M and Anderson, B},
  volume={28},
  year={1992},
  publisher={Wiley Online Library}
}

@article{pnas1,
  title={Experimental evidence of massive-scale emotional contagion through social networks},
  author={Kramer, Adam DI and Guillory, Jamie E and Hancock, Jeffrey T},
  journal={Proceedings of the National Academy of Sciences},
  volume={111},
  number={24},
  pages={8788--8790},
  year={2014},
  publisher={National Acad Sciences}
}

@article{pnas2,
  title={Distinguishing influence-based contagion from homophily-driven diffusion in dynamic networks},
  author={Aral, Sinan and Muchnik, Lev and Sundararajan, Arun},
  journal={Proceedings of the National Academy of Sciences},
  volume={106},
  number={51},
  pages={21544--21549},
  year={2009},
  publisher={National Acad Sciences}
}

@article{newman2003structure,
  title={The structure and function of complex networks},
  author={Newman, Mark EJ},
  journal={SIAM review},
  volume={45},
  number={2},
  pages={167--256},
  year={2003},
  publisher={SIAM}
}

@article{takaguchi2013bursty,
  title={Bursty communication patterns facilitate spreading in a threshold-based epidemic dynamics},
  author={Takaguchi, Taro and Masuda, Naoki and Holme, Petter},
  journal={PloS one},
  volume={8},
  number={7},
  pages={e68629},
  year={2013},
  publisher={Public Library of Science}
}

@article{dodds2004universal,
  title={Universal behavior in a generalized model of contagion},
  author={Dodds, Peter Sheridan and Watts, Duncan J},
  journal={Physical review letters},
  volume={92},
  number={21},
  pages={218701},
  year={2004},
  publisher={APS}
}

@article{wald,
  title={On cumulative sums of random variables},
  author={Wald, Abraham},
  journal={The Annals of Mathematical Statistics},
  volume={15},
  number={3},
  pages={283--296},
  year={1944},
  publisher={JSTOR}
}

@article{barabasi1999emergence,
  title={Emergence of scaling in random networks},
  author={Barab{\'a}si, Albert-L{\'a}szl{\'o} and Albert, R{\'e}ka},
  journal={science},
  volume={286},
  number={5439},
  pages={509--512},
  year={1999},
  publisher={American Association for the Advancement of Science}
}

@article{erdos1959random,
  title={On random graphs, I},
  author={Erd{\"o}s, Paul and R{\'e}nyi, Alfr{\'e}d},
  journal={Publicationes Mathematicae (Debrecen)},
  volume={6},
  pages={290--297},
  year={1959}
}

@article{granovetter1978threshold,
  title={Threshold models of collective behavior},
  author={Granovetter, Mark},
  journal={American journal of sociology},
  pages={1420--1443},
  year={1978},
  publisher={JSTOR}
}

@book{sur1,
  title={Epidemic models: their structure and relation to data},
  author={Mollison, Denis},
  volume={5},
  year={1995},
  publisher={Cambridge University Press}
}

@article{balogh2009bootstrap,
  title={Bootstrap percolation in three dimensions},
  author={Balogh, J{\'o}zsef and Bollob{\'a}s, B{\'e}la and Morris, Robert},
  journal={The Annals of Probability},
  pages={1329--1380},
  year={2009},
  publisher={JSTOR}
}

@article{biskup2009metastable,
  title={Metastable behavior for bootstrap percolation on regular trees},
  author={Biskup, Marek and Schonmann, Roberto H},
  journal={Journal of Statistical Physics},
  volume={136},
  number={4},
  pages={667--676},
  year={2009},
  publisher={Springer}
}

@article{kaplan1977generalization,
  title={A generalization of a result of erd{\"o}s and r{\'e}nyi},
  author={Kaplan, Norman},
  journal={Journal of Applied Probability},
  pages={212--216},
  year={1977},
  publisher={JSTOR}
}

@article{karsai2011small,
  title={Small but slow world: How network topology and burstiness slow down spreading},
  author={Karsai, M{\'a}rton and Kivel{\"a}, Mikko and Pan, Raj Kumar and Kaski, Kimmo and Kert{\'e}sz, J{\'a}nos and Barab{\'a}si, A-L and Saram{\"a}ki, Jari},
  journal={Physical Review E},
  volume={83},
  number={2},
  pages={025102},
  year={2011},
  publisher={APS}
}

@article{karimi2013threshold,
  title={Threshold model of cascades in empirical temporal networks},
  author={Karimi, Fariba and Holme, Petter},
  journal={Physica A: Statistical Mechanics and its Applications},
  volume={392},
  number={16},
  pages={3476--3483},
  year={2013},
  publisher={Elsevier}
}

@article{masuda2013predicting,
  title={Predicting and controlling infectious disease epidemics using temporal networks},
  author={Masuda, Naoki and Holme, Petter},
  journal={F1000 prime reports},
  volume={5},
  pages={6},
  year={2013}
}

@article{prl1,
  title={Nature of the epidemic threshold for the susceptible-infected-susceptible dynamics in networks},
  author={Bogu{\~n}{\'a}, Marian and Castellano, Claudio and Pastor-Satorras, Romualdo},
  journal={Physical review letters},
  volume={111},
  number={6},
  pages={068701},
  year={2013},
  publisher={APS}
}

@article{tang2009epidemic,
  title={Epidemic spreading by objective traveling},
  author={Tang, Ming and Liu, Zonghua and Li, Baowen},
  journal={EPL (Europhysics Letters)},
  volume={87},
  number={1},
  pages={18005},
  year={2009},
  publisher={IOP Publishing}
}

@article{son2012percolation,
  title={Percolation theory on interdependent networks based on epidemic spreading},
  author={Son, Seung-Woo and Bizhani, Golnoosh and Christensen, Claire and Grassberger, Peter and Paczuski, Maya},
  journal={EPL (Europhysics Letters)},
  volume={97},
  number={1},
  pages={16006},
  year={2012},
  publisher={IOP Publishing}
}

@article{van2012epidemic,
  title={Epidemic phase transition of the SIS type in networks},
  author={Van Mieghem, Piet},
  journal={EPL (Europhysics Letters)},
  volume={97},
  number={4},
  pages={48004},
  year={2012},
  publisher={IOP Publishing}
}

@article{zhang2014susceptible,
  title={When susceptible-infectious-susceptible contagion meets time-varying networks with identical infectivity},
  author={Zhang, Yi-Qing and Li, Xiang},
  journal={EPL (Europhysics Letters)},
  volume={108},
  number={2},
  pages={28006},
  year={2014},
  publisher={IOP Publishing}
}

@article{volz2007susceptible,
  title={Susceptible--infected--recovered epidemics in dynamic contact networks},
  author={Volz, Erik and Meyers, Lauren Ancel},
  journal={Proceedings of the Royal Society of London B: Biological Sciences},
  volume={274},
  number={1628},
  pages={2925--2934},
  year={2007},
  publisher={The Royal Society}
}

@article{rocha2013bursts,
  title={Bursts of vertex activation and epidemics in evolving networks},
  author={Rocha, Luis EC and Blondel, Vincent D},
  journal={PLoS Comput Biol},
  volume={9},
  number={3},
  pages={e1002974},
  year={2013},
  publisher={Public Library of Science}
}

@article{joh2009dynamics,
  title={Dynamics of indirectly transmitted infectious diseases with immunological threshold},
  author={Joh, Richard I and Wang, Hao and Weiss, Howard and Weitz, Joshua S},
  journal={Bulletin of mathematical biology},
  volume={71},
  number={4},
  pages={845--862},
  year={2009},
  publisher={Springer}
}

@article{sanghavi2007gossiping,
  title={Gossiping with multiple messages},
  author={Sanghavi, Sujay and Hajek, Bruce and Massouli{\'e}, Laurent},
  journal={IEEE Transactions on Information Theory},
  volume={53},
  number={12},
  pages={4640--4654},
  year={2007},
  publisher={IEEE}
}

@inproceedings{qiu2004modeling,
  title={Modeling and performance analysis of BitTorrent-like peer-to-peer networks},
  author={Qiu, Dongyu and Srikant, Rayadurgam},
  booktitle={ACM SIGCOMM computer communication review},
  volume={34},
  number={4},
  pages={367--378},
  year={2004},
  organization={ACM}
}

@inproceedings{romero2011differences,
  title={Differences in the mechanics of information diffusion across topics: idioms, political hashtags, and complex contagion on twitter},
  author={Romero, Daniel M and Meeder, Brendan and Kleinberg, Jon},
  booktitle={Proceedings of the 20th international conference on World wide web},
  pages={695--704},
  year={2011},
  organization={ACM}
}
