@article{golberg1989genetic,
  title={Genetic algorithms in search, optimization, and machine learning},
  author={Golberg, David E},
  journal={Addion wesley},
  volume={1989},
  pages={102},
  year={1989}
}

@article{cole1981chance,
  title={Chance and Consensus in},
  author={Cole, Stephen and Cole, Jonathan R and Simon, Gary A},
  journal={Science},
  volume={214},
  pages={20},
  year={1981}
}

@inproceedings{sikdar2016anomalies,
  title={Anomalies in the peer-review system: A case study of the journal of High Energy Physics},
  author={Sikdar, Sandipan and Marsili, Matteo and Ganguly, Niloy and Mukherjee, Animesh},
  booktitle={Proceedings of the 25th ACM International on Conference on Information and Knowledge Management},
  pages={2245--2250},
  year={2016},
  organization={ACM}
}

@article{ingelfinger1974peer,
  title={Peer review in biomedical publication},
  author={Ingelfinger, Franz J},
  journal={The American journal of medicine},
  volume={56},
  number={5},
  pages={686--692},
  year={1974},
  publisher={Elsevier} 
}

@article{relman1989good,
  title={How good is peer review?},
  author={Relman, Arnold S and Angell, Marcia},
  journal={The New England journal of medicine},
  volume={321},
  number={12},
  pages={827--829},
  year={1989} 
}

@article{smith2006peer,
  title={Peer review: a flawed process at the heart of science and journals},
  author={Smith, Richard},
  journal={Journal of the royal society of medicine},
  volume={99},
  number={4},
  pages={178--182},
  year={2006},
  publisher={SAGE Publications}
}


@article{braatz2014papers,
  title={Papers Receive More Citations After Rejection [Publication Activities]},
  author={Braatz, Richard D},
  journal={Control Systems, IEEE},
  volume={34},
  number={4},
  pages={22--23},
  year={2014},
  publisher={IEEE}
}

@article{graffy2006improving,
  title={Improving peer review},
  author={Graffy, Jonathan and Bryar, Rosamund and Kendall, Sally and Crook, David},
  journal={Primary Health Care Research and Development},
  volume={7},
  number={01},
  pages={1--2},
  year={2006},
  publisher={Cambridge Univ Press}
}

@article{zzkarian1999forming,
  title={Forming teams: an analytical approach},
  author={Zzkarian, Armen and Kusiak, Andrew},
  journal={IIE transactions},
  volume={31},
  number={1},
  pages={85--97},
  year={1999},
  publisher={Springer}
}

@article{mcnutt1990effects,
  title={The effects of blinding on the quality of peer review: a randomized trial},
  author={McNutt, Robert A and Evans, Arthur T and Fletcher, Robert H and Fletcher, Suzanne W},
  journal={JAMA},
  volume={263},
  number={10},
  pages={1371--1376},
  year={1990},
  publisher={American Medical Association}
}

@article{caswellimproving,
  title={Improving Peer Review},
  author={Caswell, Hal},
  year={ },
  publisher={JSTOR}
}

@article{ani2010method,
  title={A method for group formation using genetic algorithm},
  author={Ani, Zhamri Che and Yasin, Azman and Husin, Mohd Zabidin and Hamid, Zauridah Abdul},
  journal={International Journal on Computer Science and Engineering},
  volume={2},
  number={09},
  pages={3060--3064},
  year={2010}
}

@inproceedings{anagnostopoulos2010power,
  title={Power in unity: forming teams in large-scale community systems},
  author={Anagnostopoulos, Aris and Becchetti, Luca and Castillo, Carlos and Gionis, Aristides and Leonardi, Stefano},
  booktitle={Proceedings of the 19th ACM international conference on Information and knowledge management},
  pages={599--608},
  year={2010},
  organization={ACM}
}
@inproceedings{anagnostopoulos2012online,
  title={Online team formation in social networks},
  author={Anagnostopoulos, Aris and Becchetti, Luca and Castillo, Carlos and Gionis, Aristides and Leonardi, Stefano},
  booktitle={Proceedings of the 21st international conference on World Wide Web},
  pages={839--848},
  year={2012},
  organization={ACM}
}

@inproceedings{lappas2009finding,
  title={Finding a team of experts in social networks},
  author={Lappas, Theodoros and Liu, Kun and Terzi, Evimaria},
  booktitle={Proceedings of the 15th ACM SIGKDD international conference on Knowledge discovery and data mining},
  pages={467--476},
  year={2009},
  organization={ACM}
}

@article{baykasoglu2007project,
  title={Project team selection using fuzzy optimization approach},
  author={Baykasoglu, Adil and Dereli, Turkay and Das, Sena},
  journal={Cybernetics and Systems: An International Journal},
  volume={38},
  number={2},
  pages={155--185},
  year={2007},
  publisher={Taylor \& Francis}
}

@inproceedings{agrawal2014grouping,
  title={Grouping students in educational settings},
  author={Agrawal, Rakesh and Golshan, Behzad and Terzi, Evimaria},
  booktitle={Proceedings of the 20th ACM SIGKDD international conference on Knowledge discovery and data mining},
  pages={1017--1026},
  year={2014},
  organization={ACM}
}

@inproceedings{majumder2012capacitated,
  title={Capacitated team formation problem on social networks},
  author={Majumder, Anirban and Datta, Samik and Naidu, KVM},
  booktitle={Proceedings of the 18th ACM SIGKDD international conference on Knowledge discovery and data mining},
  pages={1005--1013},
  year={2012},
  organization={ACM}
}

@inproceedings{mcdonald2003recommending,
  title={Recommending collaboration with social networks: a comparative evaluation},
  author={McDonald, David W},
  booktitle={Proceedings of the SIGCHI conference on Human factors in computing systems},
  pages={593--600},
  year={2003},
  organization={ACM}
}

@article{wolf2009mining,
  title={Mining task-based social networks to explore collaboration in software teams},
  author={Wolf, Timo and Schr{\"o}ter, Adrian and Damian, Daniela and Panjer, Lucas D and Nguyen, Thanh HD},
  journal={IEEE Software},
  volume={26},
  number={1},
  pages={58--66},
  year={2009},
  publisher={IEEE}
}

@article{pragarauskas2012multi,
  title={Multi-skill collaborative teams based on densest subgraphs},
  author={Pragarauskas, H and Gross, Oliver},
  year={2012},
  publisher={SIAM}
}

@inproceedings{li2010team,
  title={Team formation for generalized tasks in expertise social networks},
  author={Li, Cheng-Te and Shan, Man-Kwan},
  booktitle={Social Computing (SocialCom), 2010 IEEE Second International Conference on},
  pages={9--16},
  year={2010},
  organization={IEEE}
}

@article{moreno2012genetic,
  title={A genetic algorithm approach for group formation in collaborative learning considering multiple student characteristics},
  author={Moreno, Juli{\'a}n and Ovalle, Demetrio A and Vicari, Rosa M},
  journal={Computers \& Education},
  volume={58},
  number={1},
  pages={560--569},
  year={2012},
  publisher={Elsevier}
}
