@inproceedings{BroadcastStorm,
 author = {Ni, Sze-Yao and Tseng, Yu-Chee and Chen, Yuh-Shyan and Sheu, Jang-Ping},
 title = {The broadcast storm problem in a mobile ad hoc network},
 booktitle = {Proceedings of MobiCom},
 year = {1999},
 month = {Aujust},
 pages = {151--162},
 publisher = {ACM},
 address = {Seattle, Washington, United States},
 location = {New York, NY, USA},
}
@article{DynSteady,
author = {Fernando Peruani and Gustavo J. Sibona},
title = {Dynamics and Steady States in Excitable Mobile Agent Systems},
journal = {Physical Review Letters},
volume = {100},
year = {2008},
pages = {}
}
@article{MeanField,
  author={Duan-Ming Zhang and Min-Hua He and Xiao-Ling Yu and Gui-Jun Pan and Hong-Zhang Sun and Xiang-Ying Su and Fan Sun and Yan-Ping Yin and Rui Li and Dan Liu},
  title={Mean-field equations and stable behaviour in an epidemic model of mobile individuals},
  journal={Physica Scripta},
  volume={73},
  pages={73},
  year={2006},
}
@BOOK{MurrayMathBiology,
    author = {J. D. Murray},
    posted-at = {2008-03-28 13:41:25},
    priority = {2},
    publisher = {Springer},
    title = {Mathematical Biology: I. An Introduction},
    year = {2005}
}

@book{DiekmannMathEpid,
  author = {O. Diekmann and J. A. P. Heesterbeek},
  title = {Mathematical Epidemiology of Infectious Diseases: Model Building, Analysis and Interpretation},
  publisher = {Wiley},
  year = {2000}
}
@BOOK{MathLife,
  AUTHOR =       {Zhien, Ma and Jianquan, Li},
  TITLE =        {Basic Knowledge and Developing Tendencies in Epidemic Dynamics Book: Mathematics for Life Science and Medicine},
  PUBLISHER =    {Springer},
  ISBN = {978-3-540-34425-4},
  YEAR =         {2007}
}
@inproceedings{DataDissemMP2PforUbiq,
 author = {Kim, Do Hoon and Lee, Myoung Rak and Han, Longzhe and In, Hoh Peter},
 title = {Efficient Data Dissemination in Mobile P2P Ad-Hoc Networks for Ubiquitous Computing},
 booktitle = {International Conference on Multimedia and Ubiquitous Engineering (MUE)},
 year = {2008},
 month = {April},
 pages = {384--389},
 publisher = {IEEE Computer Society},
 address = {Busan, Korea},
 location = {Washington, DC, USA}
}
@inproceedings{PriorityBraodcastDTN,
 author = {Gong, Huazhi and Kim, JongWon},
 title = {A prioritization-based application-oriented broadcast protocol for delay-tolerant networks},
 booktitle = {IEEE conference on Wireless Communications \& Networking Conference (WCNC)},
 year = {2009},
 month = {April},
 pages = {2127--2132},
 publisher = {IEEE Press},
 address = {Budapest, Hungary},
 location = {Piscataway, NJ, USA},
}
@INPROCEEDINGS{EffBroadcastDTN,
author={Goundan, A. and Coe, E. and Raghavendra, C.},
booktitle={Proceedings of GLOBECOM},
title={Efficient Broadcasting in Delay Tolerant Networks},
year={2008},
month={November},
pages={1-5},
publisher = {IEEE},
address = {New Orleans, LA, USA},
location = {}
}

%routing
@article{p-qEpidemic,
  author    = {Takahiro Matsuda and Tetsuya Takine},
  title     = {(p, q)-Epidemic routing for sparsely populated mobile ad hoc networks},
  journal   = {IEEE Journal on Selected Areas in Communications (JSAC)},
  volume    = {26},
  year      = {2008},
  pages     = {783-793},
  publisher = {IEEE}
}
@inproceedings{SprayAndWait,
 author = {Spyropoulos, Thrasyvoulos and Psounis, Konstantinos and Raghavendra, Cauligi S.},
 title = {Spray and wait: an efficient routing scheme for intermittently connected mobile networks},
 booktitle = {ACM SIGCOMM workshop on Delay-tolerant networking (WDTN)},
 year = {2005},
 month = {August},
 pages = {252--259},
 publisher = {ACM},
 address = {Philadelphia, PA},
 location = {New York, NY, USA},
} 

@article{PerfModelEpidRout,
 author = {Zhang, Xiaolan and Neglia, Giovanni and Kurose, Jim and Towsley, Don},
 title = {Performance modeling of epidemic routing},
 journal = {Computer Network},
 volume = {51},
 year = {2007},
 pages = {2867--2891},
 publisher = {Elsevier North-Holland, Inc.},
}
@INPROCEEDINGS{ResorcPerfTradeoff,
  AUTHOR =       {T. Small and Z. Haas},
  TITLE =        {Resource and performance tradeoffs in delay tolerant wireless networks},
  BOOKTITLE =    {ACM SIGCOMM Workshop on Delay Tolerant Networking (WDTN)},
  YEAR =         {2005},
  MONTH = {August},
  PAGES = {260--267},
  PUBLISHER = {ACM},
  ADDRESS={Philadelphia, PA},
  LOCATION = {New York, NY, USA},
}
@inproceedings{wildLife,
 author = {Juang, Philo and Oki, Hidekazu and Wang, Yong and Martonosi, Margaret and Peh, Li Shiuan and Rubenstein, Daniel},
 title = {Energy-efficient computing for wildlife tracking: design tradeoffs and early experiences with ZebraNet},
 booktitle = {International conference on Architectural support for programming languages and operating systems(ASPLOS-X)},
 year = {2002},
 month = {October},
 pages = {96--107},
 publisher = {ACM},
 address = {San Jose, California},
 location = {New York, NY, USA},
}
@article{RoutIntermMANET,
    author = {Zhang, Zhensheng},
    title = {Routing in intermittently connected mobile ad hoc networks and delay tolerant networks: overview and challenges},
    journal = {Communications Surveys \& Tutorials, IEEE},
    month = {March},
    pages = {24--37},
    volume = {8},
    year = {2007},
    publisher = {IEEE},
}
@TECHREPORT{EpidRoutPartial,
  AUTHOR =       {Vahdat, A and Becker, D},
  TITLE =        {Epidemic routing for partially connected ad hoc networks},
  INSTITUTION =  {Duke University},
  YEAR =         {2000},
  month =        {April}
}

@INPROCEEDINGS{PROCS,
author={Jathar, R. and Gupta, A.},
title={Probabilistic routing using contact sequencing in delay tolerant networks},
booktitle={Proceedings of COMSNETS}, 
year={2010},
month={January},
pages={1-10},
publisher = {IEEE},
address = {Bangalore, India},
location = {},
}
@article{prophet,
 author = {Lindgren, Anders and Doria, Avri and Schel\'{e}n, Olov},
 title = {Probabilistic routing in intermittently connected networks},
 journal = {ACM SIGMOBILE journal of Mobile Computing and Communications Review},
 volume = {7},
 month = {July},
 year = {2003},
 pages = {19--20},
 publisher = {ACM},
} 
@article{ICT_Impact,
	author = {Chaintreau, Augustin and Hui, Pan and Crowcroft, Jon and Diot, Christophe and Gass, Richard and Scott, James},
	title = {Impact of Human Mobility on Opportunistic Forwarding Algorithms},
	journal = {IEEE Transactions on Mobile Computing},
	volume = {6},
	issue = {6},
	month = {Jun},
	year = {2007},
	pages = {606--620},
	publisher = {IEEE Educational Activities Department},
	address = {Piscataway, NJ, USA},
} 
@inproceedings{MessageFerry,
 author = {Bin Tariq, Muhammad Mukarram and Ammar, Mostafa and Zegura, Ellen},
 title = {Message ferry route design for sparse ad hoc networks with mobile nodes},
 booktitle = {MobiHoc},
 month = {May},
 year = {2006},
 address = {Florence, Italy},
 pages = {37--48},
} 
%mobility
@article{SurvMobMod,
    author = {Camp, T. and Boleng, J. and Davies, V.},
    title = {A Survey of Mobility Models for Ad Hoc Network Research},
    journal = {Wireless Communications \& Mobile Ccomputing (WCMC): Special issue on mobile ad hoc networking: research, trends and applications},
    pages = {483--502},
    volume = {2},
    year = {2002},
    month = {},
    publisher= {},
}
@article{HumMob,
    author = {Gonzalez, Marta C. and Hidalgo, Cesar A. and Barabasi, Albert-Laszlo},
    title = {Understanding individual human mobility patterns},
    journal = {Nature},
    month = {June},
    pages = {779--782},
    publisher = {Nature Publishing Group},
    volume = {453},
    year = {2008}
}
@TECHREPORT{DemyLW,
  AUTHOR =       {Kyunghan Lee and Seongik Hong and Kim, Seong J and Rhee, Injong and Chong, Song},
  TITLE =        {Demystifying Levy Walk Patterns in Human Walks},
  INSTITUTION =  {North Carolina State University},
  YEAR =         {2008},
  MONTH = 	 {October}
}
@inproceedings{SLAW,
    author = {Lee, Kyunghan and Hong, Seongik and Kim, J, Seong and Rhee, Injong and Chong, Song},
    title = {SLAW: A Mobility Model for Human Walks},
    booktitle = {Annual Joint Conference of the IEEE Computer and Communications Societies (INFOCOM)},
    month = {April},
    year = {2009},
    pages = {779--782},
    publisher = {IEEE},
    address = {Rio de Janeiro, Brazil},
    location = {},
}

@book{Fractal,
  author = "Benoit B. Mandelbrot",
  title = "The Fractal Geometry of Nature",
  publisher = "W. H. Freedman and Co.",
  year = "1983",
}

@INPROCEEDINGS{PostDisaster,
author={Uddin, M.Y.S. and Nicol, D.M. and Abdelzaher, T.F. and Kravets, R.H.},
title={A post-disaster mobility model for Delay Tolerant Networking},
booktitle={Winter Simulation Conference (WSC)}, 
year={2009},
month={December.},
pages={2785 -2796},
address={Phoenix, Arizona},
publisher = {IEEE} 
}
@article {militaryTracking,
	  author = {Osman Balci and William F. Ormsby},
	  title = {Network-Centric Military System Architecture Assessment Methodology},
	  journal = {International Journal of System of Systems Engineering},
	  year = {2008},
	  month = {},
	  volume = {1},
	  pages = {271 - 292}
}
@ARTICLE{SocialMob,
author={Shusen Yang and Xinyu Yang and Chao Zhang and Spyrou, E.},
title={Using social network theory for modeling human mobility},
journal={IEEE Network},
year={2010},
month={September},
volume={24},
pages={6 -13},
}
%DA
@BOOK{Ant,
  AUTHOR =       {D. J. Kraus},
  TITLE =        {Antennas},
  PUBLISHER =    {McGraw-Hill},
  YEAR =         {1988},
  edition =      {2}
}
@inproceedings{beamForm,
 author = {Ramanathan, Ram},
 title = {On the performance of ad hoc networks with beamforming antennas},
 booktitle = {Proceedings of the MobiHoc},
 year = {2001},
 month = {October.},
 pages = {95--105},
 publisher = {ACM},
 address = {Long Beach, CA, USA},
 location = {New York, NY, USA},
 }

@article{OADADTN,
  author = {Peruani, Fernando  and Maiti, Abyayananda and Sadhu, Sanjib and Chat, Hugues and Roy, Choudhury, Romit and Ganguly, Niloy},
  title = {Modeling Broadcasting using Omnidirectional and Directional Antenna in Delay Tolerant Networks as an Epidemic Dynamic},
  journal   = {IEEE Journal on Selected Areas in Communications (JSAC)},
  volume    = {28},
  year      = {2010},
  month = {},
  pages     = {524--531}
}
@TECHREPORT{Choudhury02adhoc,
    author = {Romit Roy Choudhury and Nitin H. Vaidya},
    title = {Ad Hoc Routing Using Directional Antennas},
    institution = {University of Illinois at Urbana-Champaign},
    year = {2002}
}
@ARTICLE{DMeshDA,
author={Das, S.M. and Pucha, H. and Koutsonikolas, D. and Hu, Y.C. and Peroulis, D.},
journal={IEEE Journal on Selected Areas in Communications (JSAC)},
title={DMesh: Incorporating Practical Directional Antennas in Multichannel Wireless Mesh Networks},
year={2006},
month={November},
volume={24},
pages={2028 -2039},
}
@ARTICLE{Ramanathan05adhoc,
    author = {Ram Ramanathan and Jason Redi and Senior Member and Senior Member and Cesar Santivanez and David Wiggins and Stephen Polit},
    title = {Ad hoc networking with directional antennas: a complete system solution},
    journal = {IEEE Journal on Selected Areas in Communications (JSAC)},
    year = {2005},
    month={},
    volume = {23},
    pages = {496--506}
}
@inproceedings{dtnArch,
 title = {A delay-tolerant network architecture for challenged internets},
 author = {Fall, Kevin},
 booktitle = {Proceedings of the 2003 conference of SIGCOMM},
 year = {2003},
 month = {August},
 pages = {27--34},
 location = {New York, NY, USA},
 publisher = {ACM},
 address = {Karlsruhe, Germany}
}

@MISC{dtnWebsite,
	AUTHOR       = {DTNRG},
	TITLE        = {Delay Tolerant Network Research Group},
	HOWPUBLISHED = {http://www.dtnrg.org}
}
@Article{selfProp,
	author = {Fernando Peruani and Luis G. Morelli},
	journal = {Physical Review Letters},
	pages = {010602},
	publisher = {APS},
	title = {Self-Propelled Particles with Fluctuating Speed and Direction of Motion in Two Dimensions},
	volume = {99},
	year = {2007}
}
@Article{DynSteadyMobAgent,
  title = {Dynamics and Steady States in Excitable Mobile Agent Systems},
  author = {Peruani, Fernando  and Sibona, Gustavo J.},
  journal = {Physical Review Letters},
  volume = {100},
  pages = {168103},
  numpages = {4},
  year = {2008},
  month = {April},
  publisher = {APS}
}
@inproceedings{sensorNet,
 author = {Mainwaring, Alan and Culler, David and Polastre, Joseph and Szewczyk, Robert and Anderson, John},
 title = {Wireless sensor networks for habitat monitoring},
 booktitle = {1st ACM international workshop (WSNA)},
 year = {2002},
 month = {September},
 pages = {88--97},
 publisher = {ACM},
 address = {Atlanta, Georgia, USA},
 location = {New York, NY, USA},
}
@ARTICLE{MFEqnEpidModel,
  AUTHOR =       {D. M. Zhang},
  TITLE =        {Mean-field equations and stable behaviour in an epidemic model of mobile individuals},
  JOURNAL =      {Physica Scripta},
  YEAR =         {2006},
  pages =        {73--78},
  month =        {January}
}
@article{RoutMobHocNet,
    author = {Zhang, Zhensheng},
    title = {Routing in intermittently connected mobile ad hoc networks and delay tolerant networks: overview and challenges},
    journal = {Communications Surveys \& Tutorials, IEEE},
    month = {March},
    pages = {24--37},
    volume = {8},
    year = {2007},
    publisher = {IEEE},
}
@MISC{IPN,
  author =       {Cerf, V and Burleighothers, S and Hooke, A and others},
  title =        {Interplanetary Internet(IPN): Architectural Definition},
  howpublished = {http://www.ipnsig.org/reports/memo-ipnrg-arch-00.pdf},
}
@inproceedings{beyondEpid,
 author = {Mundur, P and Seligman, M},
 title = {Delay tolerant network routing: Beyond epidemic routing},
 booktitle = {Proceedings of the ISWPC},
 year = {2008},
 month = {May},
 pages = {550--553},
 publisher = {Wireless Pervasive Computing},
 address = {Santorini, Greece},
 location = {},
}
@inproceedings{ruralUrban,
 author = {Jain, Sushant and Fall, Kevin and Patra, Rabin},
 title = {Routing in a delay tolerant network},
 booktitle = {SIGCOMM},
 year = {2004},
 month = {August},
 pages = {145--158},
 location = {},
 publisher = {ACM},
 address = {Portland, Oregon, USA},
 }
@inproceedings{mikko,
 author = {Pitk{\"a}nen, Mikko and Ker{\"a}nen, Ari and Ott, J{\"o}rg},
 title = {Message fragmentation in opportunistic DTNs},
 booktitle = {International Symposium on a World of Wireless, Mobile and Multimedia Networks},
 year = {2008},
 pages = {1--7},
 numpages = {7},
 publisher = {IEEE Computer Society},
 address = {Washington, DC, USA},
} 

@inproceedings{push_pull_contentDistribution,
 author = {Liu, Cong and Wu, Jie and Guan, Xin and Chen, Li},
 title = {Cooperative File Sharing in Hybrid Delay Tolerant Networks},
 booktitle = {},
 series = {ICDCSW '11},
 year = {2011},
 pages = {339--344},
 publisher = {IEEE Computer Society},
 address = {Washington, DC, USA},
} 
@inproceedings{rumarSreadingPushPull,
  author    = { Chierichetti, Flavio and Lattanzi, Silvio and Panconesi, Alessandro },
  title     = {Rumour Spreading and Graph Conductance},
  booktitle = {SODA},
  year      = {2010},
  pages     = {1657-1663}
}
@proceedings{rumourSpreading_evolvingGraph_PushPull,
  editor    = {Stefano Leonardi and Alessandro Panconesi and Paolo Ferragina and Aristides Gionis},
  title     = {Rumor Spreading in Random Evolving Graphs},
  booktitle = {WSDM},
  publisher = {ACM},
  year      = {2013},
  month     = {February},
  location  = {Rome, Italy}
}
@inproceedings{DTN_framework_pushPull,
 author = {Musolesi, Mirco and Mascolo, Cecilia},
 title = {A framework for multi-region delay tolerant networking},
 booktitle = {ACM workshop on Wireless networks and systems for developing regions},
 series = {WiNS-DR '08},
 year = {2008},
 location = {San Francisco, California, USA},
 pages = {37--42},
 numpages = {6},
 publisher = {ACM},
 address = {New York, NY, USA},
} 
@Article{complexEventDetection_PushPull,
	author = {Jianxia Chen and Lakshmish Ramaswamy and David K. Lowenthal and Shivkumar Kalyanaraman},
	title = {Comet: Decentralized Complex Event Detection in Mobile Delay Tolerant Networks},
	journal = {Mobile Data Management, IEEE International Conference on},
	volume = {0},
	year = {2012},
	pages = {131--136},
	publisher = {IEEE Computer Society},
	address = {Los Alamitos, CA, USA}
}

@MISC{statisticsVideo1,
  title={Cisco Visual Networking Index: Forecast and Methodology, 2010-2015},
  howbpudlished={http://tinyurl.com/cisco-white-paper}
}
@MISC{statisticsVideo2,
  title={Mobile Video Now More Than Half of Wireless Traffic},
  howbpudlished={http://tinyurl.com/cisco-multimedia-stat}
}
@inproceedings{MDTN,
  author = {Palazzi, Claudio E. and Bujari, Armir and Bonetta, Stefano and Marfia, Gustavo and Roccetti, Marco and Amoroso, Alessandro},
  booktitle = {ICCCN},
  pages = {1-6},
  publisher = {IEEE},
  title = {MDTN: Mobile Delay/Disruption Tolerant Network.},
  year = 2011
}
@INPROCEEDINGS{lowCostInternetKiosk,
    author = {A. Seth and D. Kroeker and M. Zaharia and S. Guo and S. Keshav},
    title = {Low-cost communication for rural internet kiosks using mechanical backhaul},
    booktitle = {Proceedings of MobiCom 06},
    year = {2006},
    pages = {334--345},
    publisher = {ACM Press}
}
@article{congession_push_pull,
 author = {Seligman, Matthew and Fall, Kevin and Mundur, Padma},
 title = {Storage routing for DTN congestion control: Research Articles},
 journal = {Wirel. Commun. Mob. Comput.},
 month = dec,
 year = {2007},
 pages = {1183--1196},
 publisher = {John Wiley and Sons Ltd.},
 address = {Chichester, UK},
} 
@TECHREPORT{broadcastCoverage_push_pull,
  title = {Self-adaptive and stateless broadcast in delay and disruption tolerant networks},
  author = {Francesco Giudici, Elena Pagani, Gian Paolo Rossi},
  year = {2008},
  institution={Universit ́a degli Studi di Milano}, 
}
@inproceedings{pushPull_database,
 author = {Demers, Alan and Greene, Dan and Hauser, Carl and Irish, Wes and Larson, John and Shenker, Scott and Sturgis, Howard and Swinehart, Dan and Terry, Doug},
 title = {Epidemic algorithms for replicated database maintenance},
 booktitle = {ACM Symposium on Principles of distributed computing},
 year = {1987},
 location = {Vancouver, British Columbia, Canada},
 pages = {1--12},
 publisher = {ACM},
 address = {New York, NY, USA},
} 
@INPROCEEDINGS{videoStreamingPushPull,
author={Chia-Yi Liu and Kuochen Wang and Yi-Ling Hsieh},
booktitle={Personal Indoor and Mobile Radio Communications (PIMRC), 2010 IEEE 21st International Symposium on},
title={Efficient push-pull based P2P multi-streaming using application level multicast},
year={2010},
pages={2586-2590},
}
@inproceedings{DataDissemQueryRout,
 author = {Repantis, Thomas and Kalogeraki, Vana},
 title = {Data dissemination in mobile peer-to-peer networks},
 booktitle = {International conference on Mobile data management},
 series = {MDM '05},
 year = {2005},
 location = {Ayia Napa, Cyprus},
 pages = {211--219},
 publisher = {ACM},
 address = {New York, NY, USA},
} 
@InProceedings{pushPullGossipInfoShare,
	author = "Mujtaba K. Mujtaba",
	booktitle = "In Proc. International Conference on Parallel and Distributed Processing Techniques and Applications (PDPTA)",
	pages = "1393--1399",
	priority = "2",
	title = "{Push-Pull Gossiping for Information Sharing in Peer-to-Peer Communities}",
	year = "2003"
}

@inproceedings{mobileBotNet,
 author = {Zeng, Yuanyuan and Shin, Kang G. and Hu, Xin},
 title = {Design of SMS commanded-and-controlled and P2P-structured mobile botnets},
 booktitle = {ACM conference on Security and Privacy in Wireless and Mobile Networks},
 series = {WISEC '12},
 year = {2012},
 location = {Tucson, Arizona, USA},
 pages = {137--148},
 publisher = {ACM},
 address = {New York, NY, USA},
} 
@inproceedings{swarmIntelligence,
  author = {Hoh, Cheng-Chang and Hwang, Ren-Hung},
  booktitle = {WCNC},
  pages = {2674-2679},
  publisher = {IEEE},
  title = {P2P File Sharing System over MANET based on Swarm Intelligence: A Cross-Layer Design.},
  year = 2007
}
@inproceedings{MobilePublishSubscribe,
  author = {Li, Feng and Wu, Jie},
  booktitle = {ICDCS},
  date = {2009-10-15},
  pages = {526-533},
  publisher = {IEEE Computer Society},
  title = {MOPS: Providing Content-Based Service in Disruption-Tolerant Networks.},
  year = 2009
}
@inproceedings{DTNmobileFileSharing,
  author = {Palazzi, Claudio E. and Bujari, Armir},
  booktitle = {Wireless Days},
  pages = {1-5},
  publisher = {IEEE},
  title = {A delay/disruption tolerant solution for mobile-to-mobile file sharing.},
  year = 2010
}
@inproceedings{PocketSwitchedDTN,
 author = {Hui, Pan and Chaintreau, Augustin and Scott, James and Gass, Richard and Crowcroft, Jon and Diot, Christophe},
 title = {Pocket switched networks and human mobility in conference environments},
 booktitle = {ACM SIGCOMM workshop on Delay-tolerant networking},
 series = {WDTN '05},
 year = {2005},
 location = {Philadelphia, Pennsylvania, USA},
 pages = {244--251},
 publisher = {ACM},
 address = {New York, NY, USA},
} 
@Article{giudici-epidemic,
	author = {F. Giudici and E. Pagani and G. P. Rossi},
	posted-at = {2009-09-20 02:43:30},
	title = {Epidemic diffusion of data in opportunistic networks}
}
@article{albert2002statistical,
  title={Statistical mechanics of complex networks},
  author={Albert, R{\'e}ka and Barab{\'a}si, Albert-L{\'a}szl{\'o}},
  journal={Reviews of modern physics},
  volume={74},
  number={1},
  pages={47},
  year={2002},
  publisher={APS}
}

@article{karlsson2007delay,
  title={Delay-tolerant broadcasting},
  author={Karlsson, Gunnar and Lenders, Vincent and May, Martin},
  journal={Broadcasting, IEEE Transactions on},
  volume={53},
  number={1},
  pages={369--381},
  year={2007},
  publisher={IEEE}
}

@article{vanhems2013estimating,
  title={Estimating potential infection transmission routes in hospital wards using wearable proximity sensors},
  author={Vanhems, Philippe and Barrat, Alain and Cattuto, Ciro and Pinton, Jean-Fran{\c{c}}ois and Khanafer, Nagham and R{\'e}gis, Corinne and Kim, Byeul-a and Comte, Brigitte and Voirin, Nicolas},
  journal={PloS one},
  volume={8},
  number={9},
  pages={e73970},
  year={2013},
  publisher={Public Library of Science}
}
@article{ripeanu2002mapping,
  title={Mapping the gnutella network: Properties of large-scale peer-to-peer systems and implications for system design},
  author={Ripeanu, Matei and Foster, Ian and Iamnitchi, Adriana},
  journal={arXiv preprint cs/0209028},
  year={2002}
}
@article{leskovec2007graph,
  title={Graph evolution: Densification and shrinking diameters},
  author={Leskovec, Jure and Kleinberg, Jon and Faloutsos, Christos},
  journal={ACM Transactions on Knowledge Discovery from Data (TKDD)},
  volume={1},
  number={1},
  pages={2},
  year={2007},
  publisher={ACM}
}
@inproceedings{zhang2005peer,
  title={A peer-to-peer network for live media streaming using a push-pull approach},
  author={Zhang, Meng and Luo, Jian-Guang and Zhao, Li and Yang, Shi-Qiang},
  booktitle={Proceedings of the 13th annual ACM international conference on Multimedia},
  pages={287--290},
  year={2005},
  organization={ACM}
}
@inproceedings{patarasuk2006pipelined,
  title={Pipelined broadcast on ethernet switched clusters},
  author={Patarasuk, Pitch and Faraj, Ahmad and Yuan, Xin},
  booktitle={Parallel and Distributed Processing Symposium, 2006. IPDPS 2006. 20th International},
  pages={10--pp},
  year={2006},
  organization={IEEE}
}
@inproceedings{huang2007minimum,
  title={Minimum-latency broadcast scheduling in wireless ad hoc networks},
  author={Huang, Scott C-H and Wan, Peng-Jun and Jia, Xiaohua and Du, Hongwei and Shang, Weiping},
  booktitle={INFOCOM 2007. 26th IEEE International Conference on Computer Communications. IEEE},
  pages={733--739},
  year={2007},
  organization={IEEE}
}
@incollection{chierichetti2009rumor,
  title={Rumor spreading in social networks},
  author={Chierichetti, Flavio and Lattanzi, Silvio and Panconesi, Alessandro},
  booktitle={Automata, Languages and Programming},
  pages={375--386},
  year={2009},
  publisher={Springer}
}
@article{patarasuk2008techniques,
  title={Techniques for pipelined broadcast on ethernet switched clusters},
  author={Patarasuk, Pitch and Yuan, Xin and Faraj, Ahmad},
  journal={Journal of Parallel and Distributed Computing},
  volume={68},
  number={6},
  pages={809--824},
  year={2008},
  publisher={Elsevier}
}
@article{watts1995pipelined,
  title={A pipelined broadcast for multidimensional meshes},
  author={Watts, Jerrell and Van De Geijn, Robert},
  journal={Parallel Processing Letters},
  volume={5},
  number={02},
  pages={281--292},
  year={1995},
  publisher={World Scientific}
}
@article{eugster2003many,
  title={The many faces of publish/subscribe},
  author={Eugster, Patrick Th and Felber, Pascal A and Guerraoui, Rachid and Kermarrec, Anne-Marie},
  journal={ACM Computing Surveys (CSUR)},
  volume={35},
  number={2},
  pages={114--131},
  year={2003},
  publisher={ACM}
}
@inproceedings{costa2004epidemic,
  title={Epidemic algorithms for reliable content-based publish-subscribe: An evaluation},
  author={Costa, Paolo and Migliavacca, Matteo and Picco, Gian Pietro and Cugola, Gianpaolo},
  booktitle={Distributed Computing Systems, 2004. Proceedings. 24th International Conference on},
  pages={552--561},
  year={2004},
  organization={IEEE}
}
@inproceedings{costa2003introducing,
  title={Introducing reliability in content-based publish-subscribe through epidemic algorithms},
  author={Costa, Paolo and Migliavacca, Matteo and Picco, Gian Pietro and Cugola, Gianpaolo},
  booktitle={Proceedings of the 2nd international workshop on Distributed event-based systems},
  pages={1--8},
  year={2003},
  organization={ACM}
}
@inproceedings{acharya1997balancing,
  title={Balancing push and pull for data broadcast},
  author={Acharya, Swarup and Franklin, Michael and Zdonik, Stanley},
  booktitle={ACM SIGMOD Record},
  volume={26},
  number={2},
  pages={183--194},
  year={1997},
  organization={ACM}
}
@inproceedings{zhang2005peer,
  title={A peer-to-peer network for live media streaming using a push-pull approach},
  author={Zhang, Meng and Luo, Jian-Guang and Zhao, Li and Yang, Shi-Qiang},
  booktitle={Proceedings of the 13th annual ACM international conference on Multimedia},
  pages={287--290},
  year={2005},
  organization={ACM}
}
@article{balasubramanian2007dtn,
  title={DTN routing as a resource allocation problem},
  author={Balasubramanian, Aruna and Levine, Brian and Venkataramani, Arun},
  journal={ACM SIGCOMM Computer Communication Review},
  volume={37},
  number={4},
  pages={373--384},
  year={2007},
  publisher={ACM}
}
@article{sanghavi2007gossiping,
  title={Gossiping with multiple messages},
  author={Sanghavi, Sujay and Hajek, Bruce and Massouli{\'e}, Laurent},
  journal={Information Theory, IEEE Transactions on},
  volume={53},
  number={12},
  pages={4640--4654},
  year={2007},
  publisher={IEEE}
}
@article{felber2012pulp,
  title={Pulp: An adaptive gossip-based dissemination protocol for multi-source message streams},
  author={Felber, Pascal and Kermarrec, Anne-Marie and Leonini, Lorenzo and Rivi{\`e}re, Etienne and Voulgaris, Spyros},
  journal={Peer-to-Peer Networking and Applications},
  volume={5},
  number={1},
  pages={74--91},
  year={2012},
  publisher={Springer}
}
@inproceedings{lo2008some,
  title={On some fundamental properties of P2P push/pull protocols},
  author={Lo Cigno, R and Russo, Alessandro and Carra, Damiano},
  booktitle={Communications and Electronics, 2008. ICCE 2008. Second International Conference on},
  pages={67--73},
  year={2008},
  organization={IEEE}
}
@article{ozkasap2009principles,
  title={Principles and performance analysis of SeCond: A system for epidemic peer-to-peer content distribution},
  author={Ozkasap, Oznur and Caglar, Mine and Alagoz, Ali},
  journal={Journal of Network and Computer Applications},
  volume={32},
  number={3},
  pages={666--683},
  year={2009},
  publisher={Elsevier}
}
@article{ginzboorg2014message,
  title={Message fragmentation for a chain of disrupted links},
  author={Ginzboorg, Philip and Niemi, Valtteri and Ott, J{\"o}rg},
  journal={Computer Communications},
  volume={48},
  pages={84--97},
  year={2014},
  publisher={Elsevier}
}
@phdthesis{altamimi2014message,
  title={On Message Fragmentation, Coding and Social Networking in Intermittently Connected Networks},
  author={Altamimi, Ahmed B},
  year={2014},
  school={University of Victoria}
}
@inproceedings{lo2008some,
  title={On some fundamental properties of P2P push/pull protocols},
  author={Lo Cigno, R and Russo, Alessandro and Carra, Damiano},
  booktitle={Communications and Electronics, 2008. ICCE 2008. Second International Conference on},
  pages={67--73},
  year={2008},
  organization={IEEE}
}
@inproceedings{demers1987epidemic,
  title={Epidemic algorithms for replicated database maintenance},
  author={Demers, Alan and Greene, Dan and Hauser, Carl and Irish, Wes and Larson, John and Shenker, Scott and Sturgis, Howard and Swinehart, Dan and Terry, Doug},
  booktitle={ACM Symposium on Principles of distributed computing},
  pages={1--12},
  year={1987},
  organization={ACM}
}
@inproceedings{jin2010epidemic,
  title={Epidemic-based controlled flooding and adaptive multicast for delay tolerant networks},
  author={Jin, Zhigang and Wang, Jia and Zhang, Sainan and Shu, Yantai},
  booktitle={Ubiquitous Intelligence \& Computing and 7th International Conference on Autonomic \& Trusted Computing (UIC/ATC), 2010 7th International Conference on},
  pages={191--194},
  year={2010},
  organization={IEEE}
}
