@article{garfield1999journal,
  title={Journal impact factor: a brief review},
  author={Garfield, Eugene},
  journal={Canadian Medical Association Journal},
  volume={161},
  number={8},
  pages={979--980},
  year={1999},
  publisher={Can Med Assoc}
}

@inproceedings{ramaswamy2000efficient,
  title={Efficient algorithms for mining outliers from large data sets},
  author={Ramaswamy, Sridhar and Rastogi, Rajeev and Shim, Kyuseok},
  booktitle={ACM SIGMOD Record},
  volume={29},
  number={2},
  pages={427--438},
  year={2000},
  organization={ACM}
}
@article{rennie1990editorial,
  title={Editorial peer review in biomedical publication: the first international congress},
  author={Rennie, Drummond},
  journal={JAMA},
  volume={263},
  number={10},
  pages={1317--1317},
  year={1990},
  publisher={American Medical Association}
}
@article{kassirer1994peer,
  title={Peer review: crude and understudied, but indispensable},
  author={Kassirer, Jerome P and Campion, Edward W},
  journal={JAMA},
  volume={272},
  number={2},
  pages={96--97},
  year={1994},
  publisher={American Medical Association}
}
@article{jefferson2006editorial,
  title={Editorial peer review for improving the quality of reports of biomedical studies},
  author={Jefferson, Tom and Rudin, Melanie and Brodney Folse, Suzanne and Davidoff, Frank},
  journal={The Cochrane Library},
  year={2006},
  publisher={Wiley Online Library}
}
@article{mcnutt1990effects,
  title={The effects of blinding on the quality of peer review: a randomized trial},
  author={McNutt, Robert A and Evans, Arthur T and Fletcher, Robert H and Fletcher, Suzanne W},
  journal={JAMA},
  volume={263},
  number={10},
  pages={1371--1376},
  year={1990},
  publisher={American Medical Association}
}

@article{jefferson2002measuring,
  title={Measuring the quality of editorial peer review},
  author={Jefferson, Tom and Wager, Elizabeth and Davidoff, Frank},
  journal={Jama},
  volume={287},
  number={21},
  pages={2786--2790},
  year={2002},
  publisher={American Medical Association}
}

@article{cole1981chance,
  title={Chance and consensus in peer review},
  author={Cole, Stephen and Simon, Gary A and others},
  journal={Science},
  volume={214},
  number={4523},
  pages={881--886},
  year={1981},
  publisher={American Association for the Advancement of Science}
}

@article{horrobin1990philosophical,
  title={The philosophical basis of peer review and the suppression of innovation},
  author={Horrobin, David F},
  journal={JAMA},
  volume={263},
  number={10},
  pages={1438--1441},
  year={1990},
  publisher={American Medical Association}
}

@article{braatz2014papers,
  title={Papers Receive More Citations After Rejection [Publication Activities]},
  author={Braatz, Richard D},
  journal={Control Systems, IEEE},
  volume={34},
  number={4},
  pages={22--23},
  year={2014},
  publisher={IEEE}
}

@article{stahel2014peer,
  title={Peer review for biomedical publications: we can improve the system},
  author={Stahel, Philip F and Moore, Ernest E},
  journal={BMC medicine},
  volume={12},
  number={1},
  pages={179},
  year={2014},
  publisher={BioMed Central Ltd}
}

@article{relman1989good,
  title={How good is peer review?},
  author={Relman, Arnold S and Angell, Marcia},
  journal={The New England journal of medicine},
  volume={321},
  number={12},
  pages={827--829},
  year={1989} 
}

@article{ingelfinger1974peer,
  title={Peer review in biomedical publication},
  author={Ingelfinger, Franz J},
  journal={The American journal of medicine},
  volume={56},
  number={5},
  pages={686--692},
  year={1974},
  publisher={Elsevier} 
}

@article{lee2013bias,
  title={Bias in peer review},
  author={Lee, Carole J and Sugimoto, Cassidy R and Zhang, Guo and Cronin, Blaise},
  journal={JASIST},
  volume={64},
  number={1},
  pages={2--17},
  year={2013},
  publisher={Wiley Online Library}
}

@article{bjork2009scientific,
  title={Scientific journal publishing: yearly volume and open access availability.},
  author={Bjork, Bo-Christer and Roos, Annikki and Lauri, Mari},
  journal={Information Research: An International Electronic Journal},
  volume={14},
  number={1},
  year={2009},
  publisher={ERIC}
}

@article{smith2006peer,
  title={Peer review: a flawed process at the heart of science and journals},
  author={Smith, Richard},
  journal={Journal of the royal society of medicine},
  volume={99},
  number={4},
  pages={178--182},
  year={2006},
  publisher={SAGE Publications}
}

@article{bornmann2011scientific,
  title={Scientific peer review},
  author={Bornmann, Lutz},
  journal={Annual Review of Information Science and Technology},
  volume={45},
  number={1},
  pages={197--245},
  year={2011},
  publisher={Wiley Online Library}
}

@article{marsh2008improving,
  title={Improving the peer-review process for grant applications: reliability, validity, bias, and generalizability.},
  author={Marsh, Herbert W and Jayasinghe, Upali W and Bond, Nigel W},
  journal={American Psychologist},
  volume={63},
  number={3},
  pages={160},
  year={2008},
  publisher={American Psychological Association}
}

@article{coupe2013peer,
  title={Peer review versus citations--An analysis of best paper prizes},
  author={Coup{\'e}, Tom},
  journal={Research Policy},
  volume={42},
  number={1},
  pages={295--301},
  year={2013},
  publisher={Elsevier}
}
@article{caswellimproving,
  title={IMPROVING PEER REVIEW},
  author={Caswell, Hal},
  publisher={JSTOR}
}

@article{graffy2006improving,
  title={Improving peer review},
  author={Graffy, Jonathan and Bryar, Rosamund and Kendall, Sally and Crook, David},
  journal={Primary Health Care Research and Development},
  volume={7},
  number={01},
  pages={1--2},
  year={2006},
  publisher={Cambridge Univ Press}
}

@article{chandola2009anomaly,
  title={Anomaly detection: A survey},
  author={Chandola, Varun and Banerjee, Arindam and Kumar, Vipin},
  journal={ACM computing surveys (CSUR)},
  volume={41},
  number={3},
  pages={15},
  year={2009},
  publisher={ACM}
}

@article{kumar2005parallel,
  title={Parallel and distributed computing for cybersecurity},
  author={Kumar, Vipin},
  journal={IEEE Distributed Systems Online},
  number={10},
  pages={1},
  year={2005},
  publisher={IEEE}
}

@inproceedings{spence2001detection,
  title={Detection, synthesis and compression in mammographic image analysis with a hierarchical image probability model},
  author={Spence, Clay and Parra, Lucas and Sajda, Paul},
  booktitle={MMBIA 2001.},
  pages={3--10},
  year={2001},
  organization={IEEE}
}

@article{bacchetti2002peer,
  title={Peer review of statistics in medical research: the other problem},
  author={Bacchetti, Peter},
  journal={British Medical Journal},
  volume={324},
  number={7348},
  pages={1271},
  year={2002},
  publisher={BMJ Publishing Group}
}

@misc{pennebaker2007development,
  title={The development and psychometric properties of LIWC2007},
  author={Pennebaker, James W and Chung, Cindy K and Ireland, Molly and Gonzales, Amy and Booth, Roger J},
  year={2007}
}

@inproceedings{montejo2012random,
  title={Random walk weighting over sentiwordnet for sentiment polarity detection on twitter},
  author={Montejo-R{\'a}ez, Arturo and Mart{\'\i}nez-C{\'a}mara, Eugenio and Martin-Valdivia, M Teresa and Urena-Lopez, L Alfonso},
  booktitle={WASSA},
  year={2012},
}

@article{hartigan1979algorithm,
  title={Algorithm AS 136: A k-means clustering algorithm},
  author={Hartigan, John A and Wong, Manchek A},
  journal={Journal of the Royal Statistical Society. Series C (Applied Statistics)},
  volume={28},
  number={1},
  pages={100--108},
  year={1979},
  publisher={JSTOR}
}
