@article{frank1980sampling,
  title={Sampling and inference in a population graph},
  author={Frank, Ove},
  journal={International Statistical Review},
  pages={33--41},
  year={1980},
  publisher={JSTOR}
}

@article{frank1977survey,
  title={Survey sampling in graphs},
  author={Frank, Ove},
  journal={Journal of Statistical Planning and Inference},
  volume={1},
  number={3},
  pages={235--264},
  year={1977},
  publisher={Elsevier}
}

@article{goodman1961snowball,
  title={Snowball sampling},
  author={Goodman, Leo A},
  journal={The annals of mathematical statistics},
  pages={148--170},
  year={1961},
  publisher={JSTOR}
}

@article{granovetter1976network,
  title={Network sampling: Some first steps},
  author={Granovetter, Mark},
  journal={American Journal of Sociology},
  pages={1287--1303},
  year={1976},
  publisher={JSTOR}
}

@article{heckathorn1997respondent,
  title={Respondent-driven sampling: a new approach to the study of hidden populations},
  author={Heckathorn, Douglas D},
  journal={Social problems},
  volume={44},
  number={2},
  pages={174--199},
  year={1997},
  publisher={The Oxford University Press}
}

@article{gile2010respondent,
  title={Respondent-driven sampling: An assessment of current methodology},
  author={Gile, Krista J and Handcock, Mark S},
  journal={Sociological methodology},
  volume={40},
  number={1},
  pages={285--327},
  year={2010},
  publisher={Wiley Online Library}
}

@article{kolascyk2013statistical,
  title={Statistical Analysis of Network Data},
  author={Kolascyk, ED},
  journal={SAMSI program on Complex networks. Boston university},
  year={2013}
}

@inproceedings{leskovec2006sampling,
  title={Sampling from large graphs},
  author={Leskovec, Jure and Faloutsos, Christos},
  booktitle={SIGKDD},
  pages={631--636},
  year={2006},
  organization={ACM}
}

@inproceedings{ahmed2010reconsidering,
  title={Reconsidering the foundations of network sampling},
  author={Ahmed, Nesreen K and Neville, Jennifer and Kompella, Ramana},
  booktitle={Proceedings of the 2nd Workshop on Information in Networks},
  year={2010}
}

@inproceedings{maiya2010sampling,
  title={Sampling community structure},
  author={Maiya, Arun S and Berger-Wolf, Tanya Y},
  booktitle={WWW},
  pages={701--710},
  year={2010},
  organization={ACM}
}


@techreport{henzinger1998computing,
  title={Computing on data streams},
  author={Henzinger, M Rauch and Raghavan, Prabhakar and Rajagopalan, Sridhar},
  year={1998},
  institution={Technical Note 1998-011, Digital Systems Research Center, Palo Alto, CA}
}

@inproceedings{aggarwal2011outlier,
  title={Outlier detection in graph streams},
  author={Aggarwal, Charu C and Zhao, Yuchen and Philip, S Yu},
  booktitle={ICDE},
  pages={399--409},
  year={2011},
  organization={IEEE}
}

@article{ahmed2014network,
  title={Network sampling: From static to streaming graphs},
  author={Ahmed, Nesreen K and Neville, Jennifer and Kompella, Ramana},
  journal={ACM TKDD},
  volume={8},
  number={2},
  pages={7},
  year={2014},
  publisher={ACM}
}

@article{vitter1985random,
  title={Random sampling with a reservoir},
  author={Vitter, Jeffrey S},
  journal={ACM TOMS},
  volume={11},
  number={1},
  pages={37--57},
  year={1985},
  publisher={ACM}
}

@article{tong2016novel,
  title={A novel green algorithm for sampling complex networks},
  author={Tong, Chao and Lian, Yu and Niu, Jianwei and Xie, Zhongyu and Zhang, Yang},
  journal={Journal of Network and Computer Applications},
  volume={59},
  pages={55--62},
  year={2016},
  publisher={Elsevier}
}

@inproceedings{viswanath2009evolution,
  title={On the evolution of user interaction in facebook},
  author={Viswanath, Bimal and Mislove, Alan and Cha, Meeyoung and Gummadi, Krishna P},
  booktitle={Proceedings of the 2nd ACM workshop on Online social networks},
  pages={37--42},
  year={2009},
  organization={ACM}
}

@article{yang2015defining,
  title={Defining and evaluating network communities based on ground-truth},
  author={Yang, Jaewon and Leskovec, Jure},
  journal={KIAS},
  volume={42},
  number={1},
  pages={181--213},
  year={2015},
  publisher={Springer}
}

@article{lancichinetti2008benchmark,
  title={Benchmark graphs for testing community detection algorithms},
  author={Lancichinetti, Andrea and Fortunato, Santo and Radicchi, Filippo},
  journal={Physical review E},
  volume={78},
  number={4},
  pages={046110},
  year={2008},
  publisher={APS}
}

@article{newman2004analysis,
  title={Analysis of weighted networks},
  author={Newman, Mark EJ},
  journal={Physical review E},
  volume={70},
  number={5},
  pages={056131},
  year={2004},
  publisher={APS}
}

@misc{manning2008introduction,
  title={Introduction to information retrieval},
  author={Manning, Christopher D and Raghavan, Prabhakar and Sch{\"u}tze, Hinrich},
  year={2008},
  publisher={Cambridge University Press}
}

@article{danon2005comparing,
  title={Comparing community structure identification},
  author={Danon, Leon and Diaz-Guilera, Albert and Duch, Jordi and Arenas, Alex},
  journal={Journal of Statistical Mechanics: Theory and Experiment},
  volume={2005},
  number={09},
  pages={P09008},
  year={2005},
  publisher={IOP Publishing}
}

@book{Kolaczyk:2009,
 author = {Kolaczyk, Eric D.},
 title = {Statistical Analysis of Network Data: Methods and Models},
 year = {2009},
 edition = {1st},
 publisher = {Springer},
} 


@article{PalEtAl05,
  added-at = {2009-02-23T16:43:09.000+0100},
  author = {Palla, Gergely and Derenyi, Imre and Farkas, Illes and Vicsek, Tames},
  journal = {Nature},
  number = 7043,
  pages = {814--818},
  title = {Uncovering the overlapping community structure of complex networks in nature and society},
  volume = 435,
  year = 2005
}



@article{hubert1985comparing,
  title={Comparing partitions},
  author={Hubert, Lawrence and Arabie, Phipps},
  journal={Journal of classification},
  volume={2},
  number={1},
  pages={193--218},
  year={1985},
  publisher={Springer}
}

@article{blondel2008fast,
  title={Fast unfolding of communities in large networks},
  author={Blondel, Vincent D and Guillaume, Jean-Loup and Lambiotte, Renaud and Lefebvre, Etienne},
  journal={Journal of statistical mechanics: theory and experiment},
  volume={2008},
  number={10},
  pages={P10008},
  year={2008},
  publisher={IOP Publishing}
}

@inproceedings{ribeiro2010estimating,
  title={Estimating and sampling graphs with multidimensional random walks},
  author={Ribeiro, Bruno and Towsley, Don},
  booktitle={Proceedings of the 10th ACM SIGCOMM conference on Internet measurement},
  pages={390--403},
  year={2010},
  organization={ACM}
}

@inproceedings{rasti2009respondent,
  title={Respondent-driven sampling for characterizing unstructured overlays},
  author={Rasti, Amir Hassan and Torkjazi, Mojtaba and Rejaie, Reza and Duffield, Nick and Willinger, Walter and Stutzbach, Daniel},
  booktitle={INFOCOM},
  pages={2701--2705},
  year={2009},
  organization={IEEE}
}

@article{hastings1970monte,
  title={Monte Carlo sampling methods using Markov chains and their applications},
  author={Hastings, W Keith},
  journal={Biometrika},
  volume={57},
  number={1},
  pages={97--109},
  year={1970},
  publisher={Biometrika Trust}
}

@article{doucet2000sequential,
  title={On sequential Monte Carlo sampling methods for Bayesian filtering},
  author={Doucet, Arnaud and Godsill, Simon and Andrieu, Christophe},
  journal={Statistics and computing},
  volume={10},
  number={3},
  pages={197--208},
  year={2000},
  publisher={Springer}
}

@inproceedings{gjoka2010walking,
  title={Walking in facebook: a case study of unbiased sampling of OSNs},
  author={Gjoka, Minas and Kurant, Maciej and Butts, Carter T and Markopoulou, Athina},
  booktitle={Infocom},
  pages={1--9},
  year={2010},
  organization={IEEE}
}

@article{girvan2002community,
  title={Community structure in social and biological networks},
  author={Girvan, Michelle and Newman, Mark EJ},
  journal={PNAS},
  volume={99},
  number={12},
  pages={7821--7826},
  year={2002},
  publisher={National Acad Sciences}
}

@article{fortunato2010community,
  title={Community detection in graphs},
  author={Fortunato, Santo},
  journal={Physics reports},
  volume={486},
  number={3},
  pages={75--174},
  year={2010},
  publisher={Elsevier}
}

@book{wasserman1994social,
  title={Social network analysis: Methods and applications},
  author={Wasserman, Stanley and Faust, Katherine},
  volume={8},
  year={1994},
  publisher={Cambridge university press}
}

@inproceedings{massa2007trust,
  title={Trust-aware recommender systems},
  author={Massa, Paolo and Avesani, Paolo},
  booktitle={ACM conference on Recommender systems},
  pages={17--24},
  year={2007},
  organization={ACM}
}

@article{clauset2004finding,
  title={Finding community structure in very large networks},
  author={Clauset, Aaron and Newman, Mark EJ and Moore, Cristopher},
  journal={Physical review E},
  volume={70},
  number={6},
  pages={066111},
  year={2004},
  publisher={APS}
}
@article{newman2004fast,
  title={Fast algorithm for detecting community structure in networks},
  author={Newman, Mark EJ},
  journal={Physical review E},
  volume={69},
  number={6},
  pages={066133},
  year={2004},
  publisher={APS}
}

@inproceedings{pons2005computing,
  title={Computing communities in large networks using random walks},
  author={Pons, Pascal and Latapy, Matthieu},
  booktitle={International Symposium on Computer and Information Sciences},
  pages={284--293},
  year={2005},
  organization={Springer}
}

@article{rosvall2007information,
  title={An information-theoretic framework for resolving community structure in complex networks},
  author={Rosvall, Martin and Bergstrom, Carl T},
  journal={PNAS},
  volume={104},
  number={18},
  pages={7327--7331},
  year={2007},
  publisher={National Acad Sciences}
}

@misc{si,
  title = {{Resources (anonymized)}},
  howpublished = "https://goo.gl/dQaZ7B",
  note = "[Online; accessed 18-Feb-2017]",
  year = {2017}
}

@misc{d1,
  title = {{Facebook}},
  howpublished = "konect.uni-koblenz.de/networks/facebook-wosn-links",
  note = "[Online; accessed 2017]",
  year = {2017}
}

@misc{d2,
  title = {{HepTh}},
  howpublished = "konect.uni-koblenz.de/networks/ca-cit-HepTh",
  note = "[Online; accessed 2017]",
  year = {2017}
}
@misc{d3,
  title = {{Youtube}},
  howpublished = "snap.stanford.edu/data/com-Youtube.html",
  note = "[Online; accessed 2017]",
  year = {2017}
}

@misc{d4,
  title = {{Com-dblp}},
  howpublished = "snap.stanford.edu/data/com-DBLP.html",
  note = "[Online; accessed 2017]",
  year = {2017}
}


@article{PhysRevE.78.046115,
  title = {Adaptive clustering algorithm for community detection in complex networks},
  author = {Ye, Zhenqing and Hu, Songnian and Yu, Jun},
  journal = {PRE},
  volume = {78},
  issue = {4},
  pages = {046115},
  numpages = {6},
  year = {2008},
  month = {Oct},
  publisher = {American Physical Society},
  doi = {10.1103/PhysRevE.78.046115},
  url = {http://link.aps.org/doi/10.1103/PhysRevE.78.046115}
}


@article{rosvall2008maps,
  title={Maps of random walks on complex networks reveal community structure},
  author={Rosvall, Martin and Bergstrom, Carl T},
  journal={PNAS},
  volume={105},
  number={4},
  pages={1118--1123},
  year={2008},
  publisher={National Acad Sciences}
}

@article{west2014exploiting,
  title={Exploiting social network structure for person-to-person sentiment analysis},
  author={West, Robert and Paskov, Hristo S and Leskovec, Jure and Potts, Christopher},
  journal={arXiv preprint arXiv:1409.2450},
  year={2014}
}

@inproceedings{maiya2011benefits,
  title={Benefits of bias: Towards better characterization of network sampling},
  author={Maiya, Arun S and Berger-Wolf, Tanya Y},
  booktitle={Proceedings of the 17th ACM SIGKDD international conference on Knowledge discovery and data mining},
  pages={105--113},
  year={2011},
  organization={ACM}
}

@inproceedings{lim2015mascot,
  title={Mascot: Memory-efficient and accurate sampling for counting local triangles in graph streams},
  author={Lim, Yongsub and Kang, U},
  booktitle={Proceedings of the 21th ACM SIGKDD International Conference on Knowledge Discovery and Data Mining},
  pages={685--694},
  year={2015},
  organization={ACM}
}

@article{de2016tri,
  title={TRI$\backslash$EST: Counting Local and Global Triangles in Fully-dynamic Streams with Fixed Memory Size},
  author={De Stefani, Lorenzo and Epasto, Alessandro and Riondato, Matteo and Upfal, Eli},
  journal={arXiv preprint arXiv:1602.07424},
  year={2016}
}

@article{pone.0091431,
    author = {Nguyen, Nam P. AND Dinh, Thang N. AND Shen, Yilin AND Thai, My T.},
    journal = {PLOS ONE},
    title = {Dynamic Social Community Detection and Its Applications},
    year = {2014},
    month = {04},
    volume = {9},
    url = {http://dx.doi.org/10.1371%2Fjournal.pone.0091431},
    pages = {1-18},
    number = {4}
    }
@article{rosvall2008maps,
  title={Maps of random walks on complex networks reveal community structure},
  author={Rosvall, Martin and Bergstrom, Carl T},
  journal={Proceedings of the National Academy of Sciences},
  volume={105},
  number={4},
  pages={1118--1123},
  year={2008},
  publisher={National Acad Sciences}
}    
