@inproceedings{agirre2009personalizing,
  title={Personalizing pagerank for word sense disambiguation},
  author={Agirre, E  and Soroa, A },
  booktitle={EACL},
  pages={33--41},
  year={2009},
  organization={Association for Computational Linguistics}
}

@article{rennie1990editorial,
  title={Editorial peer review in biomedical publication: the first international congress},
  author={Rennie, D },
  journal={JAMA},
  volume={263},
  number={10},
  pages={1317--1317},
  year={1990},
  publisher={American Medical Association}
}
@article{kassirer1994peer,
  title={Peer review: crude and understudied, but indispensable},
  author={Kassirer, J P and Campion, E W},
  journal={JAMA},
  volume={272},
  number={2},
  pages={96--97},
  year={1994},
  publisher={American Medical Association}
}
@article{jefferson2006editorial,
  title={Editorial peer review for improving the quality of reports of biomedical studies},
  author={Jefferson, T  and Rudin, M  and Brodney Folse, S  and Davidoff, F },
  journal={The Cochrane Library},
  year={2006},
  publisher={Wiley Online Library}
}
@article{mcnutt1990effects,
  title={The effects of blinding on the quality of peer review: a randomized trial},
  author={McNutt, R A and Evans, A T and Fletcher, R H and Fletcher, S W},
  journal={JAMA},
  volume={263},
  number={10},
  pages={1371--1376},
  year={1990},
  publisher={American Medical Association}
}

@article{jefferson2002measuring,
  title={Measuring the quality of editorial peer review},
  author={Jefferson, T and Wager, E and Davidoff, F },
  journal={JAMA},
  volume={287},
  number={21},
  pages={2786--2790},
  year={2002},
  publisher={American Medical Association}
}

@article{cole1981chance,
  title={Chance and consensus in peer review},
  author={Cole, S and Simon, G A and others},
  journal={Science},
  volume={214},
  number={4523},
  pages={881--886},
  year={1981},
  publisher={American Association for the Advancement of Science}
}

@article{horrobin1990philosophical,
  title={The philosophical basis of peer review and the suppression of innovation},
  author={Horrobin, D F},
  journal={JAMA},
  volume={263},
  number={10},
  pages={1438--1441},
  year={1990},
  publisher={American Medical Association}
}

@article{braatz2014papers,
  title={Papers Receive More Citations After Rejection [Publication Activities]},
  author={Braatz, R D},
  journal={Control systems, IEEE},
  volume={34},
  number={4},
  pages={22--23},
  year={2014},
  publisher={IEEE}
}

@article{stahel2014peer,
  title={Peer review for biomedical publications: we can improve the system},
  author={Stahel, P F and Moore, E E},
  journal={BMC medicine},
  volume={12},
  number={1},
  pages={179},
  year={2014},
  publisher={BioMed Central Ltd}
}

@article{relman1989good,
  title={How good is peer review?},
  author={Relman, A S and Angell, M},
  journal={The New Eng. J. of Med.},
  volume={321},
  number={12},
  pages={827--829},
  year={1989} 
}

@article{ingelfinger1974peer,
  title={Peer review in biomedical publication},
  author={Ingelfinger, F J},
  journal={The American J. of Med.},
  volume={56},
  number={5},
  pages={686--692},
  year={1974},
  publisher={Elsevier} 
}

@article{lee2013bias,
  title={Bias in peer review},
  author={Lee, C J and Sugimoto, C R and Zhang, G and Cronin, B},
  journal={JASIST},
  volume={64},
  number={1},
  pages={2--17},
  year={2013},
  publisher={Wiley Online Library}
}

@article{bjork2009scientific,
  title={Scientific journal publishing: yearly volume and open access availability.},
  author={Bjork, B and Roos, A and Lauri, M},
  journal={Inf. Res.: An Int. Elect. J.},
  volume={14},
  number={1},
  year={2009},
  publisher={ERIC}
}

@article{smith2006peer,
  title={Peer review: a flawed process at the heart of science and journals},
  author={Smith, R},
  journal={Journal of the R. Soc. of Med.},
  volume={99},
  number={4},
  pages={178--182},
  year={2006},
  publisher={SAGE Publications}
}

@article{bornmann2011scientific,
  title={Scientific peer review},
  author={Bornmann, L},
  journal={Ann. Rev. of Inf. Sc. and Tech.},
  volume={45},
  number={1},
  pages={197--245},
  year={2011},
  publisher={Wiley Online Library}
}

@article{marsh2008improving,
  title={Improving the peer-review process for grant applications: reliability, validity, bias, and generalizability.},
  author={Marsh, H W and Jayasinghe, U W and Bond, N W},
  journal={American Psychologist},
  volume={63},
  number={3},
  pages={160},
  year={2008},
  publisher={American Psychological Association}
}

@article{coupe2013peer,
  title={Peer review versus citations--An analysis of best paper prizes},
  author={Coup{\'e}, T},
  journal={Research Policy},
  volume={42},
  number={1},
  pages={295--301},
  year={2013},
  publisher={Elsevier}
}

@inproceedings{kim2006automatically,
  title={Automatically assessing review helpfulness},
  author={Kim, Soo-Min and Pantel, P and Chklovski, T and Pennacchiotti, M},
  booktitle={EMNLP},
  pages={423--430},
  year={2006},
  organization={Association for Computational Linguistics}
}

@article{ghose2011estimating,
  title={Estimating the helpfulness and economic impact of product reviews: Mining text and reviewer characteristics},
  author={Ghose, A and Ipeirotis, P G},
  journal={TKDD},
  volume={23},
  number={10},
  pages={1498--1512},
  year={2011},
  publisher={IEEE}
}

@misc{pennebaker2007development,
  title={The development and psychometric properties of LIWC2007},
  author={Pennebaker, J W and Chung, C K and Ireland, M and Gonzales, A and Booth, R J},
  year={2007}
}
@inproceedings{montejo2012random,
  title={Random walk weighting over sentiwordnet for sentiment polarity detection on twitter},
  author={Montejo-R{\'a}ez, A and Mart{\'\i}nez-C{\'a}mara, E and Martin-Valdivia, M T and Urena-Lopez, L A},
  booktitle={WASSA},
  year={2012},
}

@inproceedings{reily2009two,
  title={Two peers are better than one: aggregating peer reviews for computing assignments is surprisingly accurate},
  author={Reily, K and Finnerty, P L and Terveen, L},
  booktitle={GROUP},
  pages={115--124},
  year={2009},
  organization={ACM}
}

@inproceedings{hundhausen2010design,
  title={The design of an online environment to support pedagogical code reviews},
  author={Hundhausen, C and Agrawal, A and Ryan, K},
  booktitle={SIGCSE},
  pages={182--186},
  year={2010},
  organization={ACM}
}

@inproceedings{diakopoulos2011towards,
  title={Towards quality discourse in online news comments},
  author={Diakopoulos, N and Naaman, M},
  booktitle={CSCW},
  pages={133--142},
  year={2011},
  organization={ACM}
}
@inproceedings{lampe2004slash,
  title={Slash (dot) and burn: distributed moderation in a large online conversation space},
  author={Lampe, C and Resnick, P},
  booktitle={CHI},
  pages={543--550},
  year={2004},
  organization={ACM}
}

@inproceedings{rigby2008open,
  title={Open source software peer review practices: a case study of the apache server},
  author={Rigby, P C and German, D M and Storey, M-A},
  booktitle={ICSE},
  pages={541--550},
  year={2008},
  organization={ACM}
}

@inproceedings{hamer2005method,
  title={A method of automatic grade calibration in peer assessment},
  author={Hamer, J and Ma, K TK and Kwong, H HF},
  booktitle={ACE -- Volume 42},
  pages={67--72},
  year={2005},
  organization={Australian Computer Society, Inc.}
}

@inproceedings{huang2016effectiveness,
  title={Effectiveness of Conflict Management Strategies in Peer Review Process of Online Collaboration Projects},
  author={Huang, W and Lu, T and Zhu, H and Li, G and Gu, N},
  booktitle={CSCW},
  pages={717--728},
  year={2016},
  organization={ACM}
}

@article{stvilia2008information,
  title={Information quality work organization in Wikipedia},
  author={Stvilia, B and Twidale, M B and Smith, L C and Gasser, L},
  journal={JASIST},
  volume={59},
  number={6},
  pages={983--1001},
  year={2008},
  publisher={Wiley Online Library}
}

@article{brindley2009creating,
  title={Creating effective collaborative learning groups in an online environment},
  author={Brindley, J and Blaschke, L M and Walti, C},
  journal={The Int. Rev. of Res. in Open and Dist. Learn.},
  volume={10},
  number={3},
  year={2009}
}

@inproceedings{sikdar2016anomalies,
  title={Anomalies in the peer-review system: A case study of the journal of High Energy Physics},
  author={Sikdar, Sandipan and Marsili, Matteo and Ganguly, Niloy and Mukherjee, Animesh},
  booktitle={Proceedings of the 25th ACM International on Conference on Information and Knowledge Management},
  pages={2245--2250},
  year={2016},
  organization={ACM}
}

@inproceedings{yan2012better,
  title={To better stand on the shoulder of giants},
  author={Yan, Rui and Huang, Congrui and Tang, Jie and Zhang, Yan and Li, Xiaoming},
  booktitle={Proceedings of the 12th ACM/IEEE-CS joint conference on Digital Libraries},
  pages={51--60},
  year={2012},
  organization={ACM}
}

@inproceedings{chakraborty2014towards,
  title={Towards a stratified learning approach to predict future citation counts},
  author={Chakraborty, Tanmoy and Kumar, Suhansanu and Goyal, Pawan and Ganguly, Niloy and Mukherjee, Animesh},
  booktitle={Proceedings of the 14th ACM/IEEE-CS Joint Conference on Digital Libraries},
  pages={351--360},
  year={2014},
  organization={IEEE Press}
}

@article{bohannon2013s,
  title={Who's afraid of peer review},
  author={Bohannon, John},
  journal={Science},
  volume={342},
  number={6154},
  year={2013}
}
