@article{Amaral,
  address = {Center for Polymer Studies and Department of Physics, Boston University, Boston, MA 02215, USA},
  author = {Amaral, L. A. and Scala, A. and Barthelemy, M. and Stanley, H. E.},
  journal = {Proceedings of the National Academy of Sciences of the United States of America},
  month = {October},
  number = 21,
  pages = {11149--11152},
  title = {Classes of small-world networks.},
  volume = 97,
  year = 2000
}



@article{newman_01,
  address = {Santa Fe Institute, 1399 Hyde Park Road, Santa Fe, NM 87501, USA. mark@santafe.edu},
  author = {Newman, M. E. J.},
  journal = {Proceedings of the National Academy of Sciences of the United States of America},
  month = {January},
  number = 2,
  pages = {404--409},
  title = {The structure of scientific collaboration networks},
  volume = 98,
  year = 2001
}

@article{Massimo,
  author    = {Massimo Franceschet},
  title     = {The large-scale structure of journal citation networks},
  journal   = {JASIST},
  volume    = {63},
  number    = {4},
  year      = {2012},
  pages     = {837-842},
  
}

@article{Faloutsos:1999,
 author = {Faloutsos, Michalis and Faloutsos, Petros and Faloutsos, Christos},
 title = {On power-law relationships of the Internet topology},
 journal = {SIGCOMM Comput. Commun. Rev.},
 volume = {29},
 number = {4},
 month = aug,
 year = {1999},
 pages = {251--262},
 publisher = {ACM},
 address = {New York, NY, USA},
} 

@article{albert1999internet,
  author = {Albert, R. and Jeong, H. and Barab{\'a}si, A.L.},
  journal = {Nature},
  number = 6749,
  pages = {130--131},
  publisher = {Nature Publishing Group},
  title = {Internet: Diameter of the world-wide web},
  volume = 401,
  year = 1999
}


@article{Watts-1998,
  added-at = {2013-09-30T19:50:39.000+0200},
  author = {Watts, D.J. and Strogatz, S.H.},
  journal = {Nature},
  number = 393,
  pages = {440-442},
  title = {Collective dynamics of `small-world' networks},
  year = 1998
}

@Article{WILLIAMS-MARTINEZ.2000,
	author = "Richard J. Williams and Neo D. Martinez",
	journal = "Nature",
	month = mar,
	number = "6774",
	pages = "180--183",
	publisher = "Nature Publishing Group",
	title = "{Simple rules yield complex food webs}",
	volume = "404",
	year = "2000"
}

@article{Jeong,
  address = {Department of Physics, University of Notre Dame, Indiana 46556, USA.},
  author = {Jeong, H. and Tombor, B. and Albert, R. and Oltvai, Z. N. and Barab√°si, A. L.},
  journal = {Nature},
  month = {October},
  number = 6804,
  pages = {651--654},
  title = {The large-scale organization of metabolic networks.},
  volume = 407,
  year = 2000
}







@inproceedings{Brandes,
  author = {Brandes, Ulrik and Gaertler, Marco and Wagner, Dorothea},
  booktitle = {ESA},
  editor = {Battista, Giuseppe Di and Zwick, Uri},
  pages = {568-579},
  publisher = {Springer},
  series = {Lecture Notes in Computer Science},
  title = {Experiments on Graph Clustering Algorithms.},
  volume = 2832,
  year = 2003
}

@inproceedings{Fortunato:2009,
 author = {Fortunato, Santo and Lancichinetti, Andrea},
 title = {Community Detection Algorithms: A Comparative Analysis},
 booktitle = {Proceedings of the Fourth International ICST Conference on Performance Evaluation Methodologies and Tools},
 series = {VALUETOOLS '09},
 year = {2009},
 pages = {27:1--27:2},
 publisher = {ICST (Institute for Computer Sciences, Social-Informatics and Telecommunications Engineering)},
 address = {ICST, Brussels, Belgium, Belgium},
 } 

@article{Fortunato:2007,
  author = {Fortunato, Santo and Barthelemy, M},
  journal = {Proceedings of the National Academy of Sciences},
  month = Jan,
  title = {Resolution limit in community detection},
  year = 2007
}

