@techreport{Pothen:1997,
 author = {Pothen, Alex},
 title = {Graph Partitioning Algorithms with Applications to Scientific Computing},
 year = {1997},
 source = {http://www.ncstrl.org:8900/ncstrl/servlet/search?formname=detail\&id=oai%3Ancstrlh%3Aodu_cs%3AODU_CS%2F%2FTR_97_03},
 publisher = {Old Dominion University},
 address = {Norfolk, VA, USA},
} 

@article{Kernighan70,
   author = {B. W. Kernighan and S. Lin},
   title = {An Efficient Heuristic Procedure for Partitioning Graphs},
   journal = {Bell Sys. Tech. J.},
   volume = {49},
   number = {2},
   pages = {291--308},
   year = {1970}
}

@inproceedings{Huang:1997,
 author = {Huang, Dennis J.-H. and Kahng, Andrew B.},
 title = {Partitioning-based Standard-cell Global Placement with an Exact Objective},
 booktitle = {Proceedings of the 1997 International Symposium on Physical Design},
 series = {ISPD '97},
 year = {1997},
 isbn = {0-89791-927-0},
 location = {Napa Valley, California, USA},
 pages = {18--25},
 numpages = {8},
 url = {http://doi.acm.org/10.1145/267665.267674},
 doi = {10.1145/267665.267674},
 acmid = {267674},
 publisher = {ACM},
 address = {New York, NY, USA},
} 

@techreport{opac-b1007877,
   title = "An algorithm for partitioning the nodes of a graph",
   author = "Barnes, Earl R.",
   institution = "IBM US Research Centers (Yorktown,San Jose,Almaden, US)",
   number = "RC 08690",
   url = "http://opac.inria.fr/record=b1007877",
   year = 1981
}

@book{Bollobas1998,
  address = {Heidelberg},
  author = {Bollobás, Béla},
  edition = {corrected},
  publisher = {Springer},
  series = {Graduate texts in mathematics},
  title = {Modern Graph Theory},
  year = 1998
}

@InProceedings{ citeulike:10267542,
	author = "Yen-Chuen Wei and Chung-Kuan Cheng",
	booktitle = "Computer-Aided Design, 1989. ICCAD-89. Digest of Technical Papers., 1989 IEEE International Conference on",
	institution = "Dept. of Comput. Sci. \& Eng., California Univ., La Jolla, CA",
	month = nov,
	pages = "298--301",
	publisher = "IEEE",
	title = "{Towards efficient hierarchical designs by ratio cut partitioning}",
	year = "1989"
}

@article{Shi:2000,
 author = {Shi, Jianbo and Malik, Jitendra},
 title = {Normalized Cuts and Image Segmentation},
 journal = {IEEE Trans. Pattern Anal. Mach. Intell.},
 issue_date = {August 2000},
 volume = {22},
 number = {8},
 month = aug,
 year = {2000},
 issn = {0162-8828},
 pages = {888--905},
 numpages = {18},
 url = {http://dx.doi.org/10.1109/34.868688},
 doi = {10.1109/34.868688},
 acmid = {351611},
 publisher = {IEEE Computer Society},
 address = {Washington, DC, USA},
 keywords = {Grouping, image segmentation, graph partitioning.},
} 

@article{Fortunato201075,
  author = {Fortunato, Santo},
  journal = {Physics Reports},
  number = {3-5},
  pages = {75 - 174},
  title = {Community detection in graphs},
  volume = 486,
  year = 2010
}

@article{Lancichinetti,
  title = {Community detection algorithms: A comparative analysis},
  author = {Lancichinetti, Andrea and Fortunato, Santo},
  journal = {Phys. Rev. E},
  volume = {80},
  issue = {5},
  pages = {056117},
  numpages = {11},
  year = {2009},
  month = {Nov},
  publisher = {American Physical Society},
  doi = {10.1103/PhysRevE.80.056117},
  url = {http://link.aps.org/doi/10.1103/PhysRevE.80.056117}
}

@article {WICS1319,
author = {Harenberg, Steve and Bello, Gonzalo and Gjeltema, L. and Ranshous, Stephen and Harlalka, Jitendra and Seay, Ramona and Padmanabhan, Kanchana and Samatova, Nagiza},
title = {Community detection in large-scale networks: a survey and empirical evaluation},
journal = {Wiley Interdisciplinary Reviews: Computational Statistics},
volume = {6},
number = {6},
publisher = {John Wiley \& Sons, Inc.},
pages = {426--439},
year = {2014},
}

@book{hastie01,
  address = {New York, NY, USA},
  author = {Hastie, Trevor and Tibshirani, Robert and Friedman, Jerome},
  biburl = {http://www.bibsonomy.org/bibtex/2f58afc5c9793fcc8ad8389824e57984c/sb3000},
  interhash = {d585aea274f2b9b228fc1629bc273644},
  intrahash = {f58afc5c9793fcc8ad8389824e57984c},
  keywords = {ml statistics},
  publisher = {Springer New York Inc.},
  series = {Springer Series in Statistics},
  timestamp = {2008-05-16T16:17:42.000+0200},
  title = {The Elements of Statistical Learning},
  year = 2001
}

@Article{ citeulike:646478,
	author = "M. E. J. Newman",
	journal = "The European Physical Journal B - Condensed Matter and Complex Systems",
	month = mar,
	number = "2",
	pages = "321--330",
	publisher = "Springer Berlin / Heidelberg",
	title = "{Detecting community structure in networks}",
	volume = "38",
	year = "2004"
}

@inproceedings{kmeans,
  added-at = {2007-08-23T16:58:27.000+0200},
  author = {MacQueen, J. B.},
  biburl = {http://www.bibsonomy.org/bibtex/25dcdb8cd9fba78e0e791af619d61d66d/gromgull},
  booktitle = {Proc. of the fifth Berkeley Symposium on Mathematical Statistics and Probability},
  editor = {Cam, L. M. Le and Neyman, J.},
  interhash = {8d7d4dfe7d3a06b8c9c3c2bb7aa91e28},
  intrahash = {5dcdb8cd9fba78e0e791af619d61d66d},
  keywords = {kmeans},
  pages = {281-297},
  publisher = {University of California Press},
  timestamp = {2007-08-23T16:58:27.000+0200},
  title = {Some Methods for Classification and Analysis of MultiVariate Observations},
  volume = 1,
  year = 1967
}


@article{HlaouiW06,
  added-at = {2006-01-27T00:00:00.000+0100},
  author = {Hlaoui, Adel and Wang, Shengrui},
  biburl = {http://www.bibsonomy.org/bibtex/2aa041cf1205cffb7e8c6815071f20d9a/dblp},
  date = {2006-01-27},
  description = {dblp},
  ee = {http://dx.doi.org/10.1007/s00500-005-0464-1},
  interhash = {7e4b8cbc249ed00823136025b44d2388},
  intrahash = {aa041cf1205cffb7e8c6815071f20d9a},
  journal = {Soft Comput.},
  keywords = {dblp},
  number = 1,
  pages = {47-53},
  timestamp = {2006-01-27T00:00:00.000+0100},
  title = {Median graph computation for graph clustering.},
  url = {http://dblp.uni-trier.de/db/journals/soco/soco10.html#HlaouiW06},
  volume = 10,
  year = 2006
}

@inproceedings{Rattigan:2007,
 author = {Rattigan, Matthew J. and Maier, Marc and Jensen, David},
 title = {Graph Clustering with Network Structure Indices},
 booktitle = {Proceedings of the 24th International Conference on Machine Learning},
 series = {ICML '07},
 year = {2007},
 isbn = {978-1-59593-793-3},
 location = {Corvalis, Oregon},
 pages = {783--790},
 numpages = {8},
 url = {http://doi.acm.org/10.1145/1273496.1273595},
 doi = {10.1145/1273496.1273595},
 acmid = {1273595},
 publisher = {ACM},
 address = {New York, NY, USA},
} 

@book{Bezdek:1981,
 author = {Bezdek, James C.},
 title = {Pattern Recognition with Fuzzy Objective Function Algorithms},
 year = {1981},
 isbn = {0306406713},
 publisher = {Kluwer Academic Publishers},
 address = {Norwell, MA, USA},
} 

@article{Donath:1973,
 author = {Donath, W. E. and Hoffman, A. J.},
 title = {Lower Bounds for the Partitioning of Graphs},
 journal = {IBM J. Res. Dev.},
 issue_date = {September 1973},
 volume = {17},
 number = {5},
 month = sep,
 year = {1973},
 issn = {0018-8646},
 pages = {420--425},
 publisher = {IBM Corp.},
 address = {Riverton, NJ, USA}
}

@article{fiedler73,
  added-at = {2014-07-06T22:49:47.000+0200},
  author = {Fiedler, Miroslav},
  biburl = {http://www.bibsonomy.org/bibtex/23dd7eed333c2d4d3c95a094e458e30a4/ytyoun},
  interhash = {7747a5cdabc3de597c1ea135af0af003},
  intrahash = {3dd7eed333c2d4d3c95a094e458e30a4},
  journal = {Czechoslovak Mathematical Journal},
  keywords = {fiedler spectral_graph_theory},
  number = 2,
  pages = {298--305},
  publisher = {Institute of Mathematics, Academy of Sciences of the Czech Republic},
  timestamp = {2014-07-06T22:49:47.000+0200},
  title = {Algebraic connectivity of graphs},
  url = {http://dml.cz/dmlcz/101168},
  volume = 23,
  year = 1973
}

@Article{ Spielman2007284,
	title = "Spectral partitioning works: Planar graphs and finite element meshes ",
	journal = "Linear Algebra and its Applications ",
	volume = "421",
	number = "2--3",
	pages = "284--305",
	year = "2007",
	note = "Special Issue in honor of Miroslav Fiedler ",
	author = "Daniel A. Spielman and Shang-Hua Teng"
}
	
@inproceedings{Ng01on,
  author = {Ng, Andrew Y. and Jordan, Michael I. and Weiss, Yair},
  booktitle = {Advances in Neural Information Processing Systems 14},
  pages = {849--856},
  publisher = {MIT Press},
  timestamp = {2009-04-01T07:05:02.000+0200},
  title = {On spectral clustering: Analysis and an algorithm},
  year = 2001
}


@article{meila,
  author = {Meila, Marina and Shi, Jianbo},
  title = {A Random Walks View of Spectral Segmentation},
  journal = {AI and STATISTICS (AISTATS)},
  year = {2001}
}

@incollection{nadler,
  address = {Cambridge, MA},
  author = {Nadler, Boaz and Galun, Meirav},
  booktitle = {Advances in Neural Information Processing Systems 19},
  editor = {Sch\"{o}lkopf, B. and Platt, J. and Hoffman, T.},
  publisher = {MIT Press},
  title = {Fundamental Limitations of Spectral Clustering Methods},
  url = {http://books.nips.cc/papers/files/nips19/NIPS2006_0134.pdf},
  year = 2007
}




@article{freeman77,
  added-at = {2014-07-11T16:16:54.000+0200},
  author = {Freeman, Linton C.},
  biburl = {http://www.bibsonomy.org/bibtex/23004a9dd94f45a00605b6cf6fda06547/muehlburger},
  interhash = {7ff13dc1fa197ed99dadeb6e23cf070b},
  intrahash = {3004a9dd94f45a00605b6cf6fda06547},
  journal = {Sociometry},
  keywords = {networks phd sna},
  pages = {35--41},
  timestamp = {2014-07-11T16:16:54.000+0200},
  title = {A Set of Measures of Centrality Based on Betweenness},
  volume = 40,
  year = 1977
}

@TechReport{Anthonisse,
	address = "Amsterdam",
	author = "J. M. Anthonisse",
	institution = "Stichting Mathematisch Centrum",
	month = oct,
	title = "{The rush in a directed graph}",
	url = "http://oai.cwi.nl/oai/asset/9791/9791A.pdf",
	year = "1971"
}

@article{brandes2001,
  added-at = {2009-01-29T17:00:06.000+0100},
  author = {Brandes, Ulrik},
  journal = {Journal of Mathematical Sociology},
  number = 163,
  timestamp = {2009-01-29T17:00:06.000+0100},
  title = {A faster algorithm for betweenness centrality},
  volume = 25,
  year = 2001
}

@inproceedings{gcalda:TWH03,
  added-at = {2007-01-05T13:18:55.000+0100},
  author = {Tyler, J. R. and Wilkinson, D. M. and Huberman, B. A.},
  biburl = {http://www.bibsonomy.org/bibtex/2b01c0af973803be0040c9b0922c19b95/vitelot},
  booktitle = {Proceedings of the First Iternational Conference on Communities and Technologies},
  citeulike-article-id = {1007413},
  description = {gcalda's book},
  editor = {Huysman, M. and Wenger, E. and Wulfs, V.},
  interhash = {81574c389be107f372ad1720f7d2f5d7},
  intrahash = {b01c0af973803be0040c9b0922c19b95},
  keywords = {book scale-free-networks},
  priority = {2},
  timestamp = {2007-01-05T13:18:55.000+0100},
  title = {E-mail as a spectroscopy: Automated Discovery of Community Structure within Organizations},
  url = {http://arxiv.org/abs/cond-mat/0303264},
  year = 2003
}

@Article{ Wilkinson,
	address = "Stanford University and HP Laboratories, 1501 Page Mill Road, Palo Alto, CA 94394, USA.",
	author = "D. M. Wilkinson and B. A. Huberman",
	journal = "Proceedings of the National Academy of Sciences",
	month = apr,
	number = "suppl 1",
	pages = "5241--5248",
	publisher = "National Academy of Sciences",
	title = "{A method for finding communities of related genes}",
	volume = "101",
	year = "2004"
}

@article{HolmeHJ03,
  added-at = {2009-05-26T18:18:51.000+0200},
  author = {Holme, Petter and Huss, Mikael and Jeong, Hawoong},
  biburl = {http://www.bibsonomy.org/bibtex/2e50fd8b3c073b66fe2f1c50572008e2e/hennig},
  date = {2003-04-30},
  description = {dblp},
  interhash = {6140da40f7d32a89fb354ce0800e94fc},
  intrahash = {e50fd8b3c073b66fe2f1c50572008e2e},
  journal = {Bioinformatics},
  keywords = {biochemical hierarchies pathways subnetwork web},
  number = 4,
  pages = {532-538},
  timestamp = {2009-05-26T18:18:51.000+0200},
  title = {Subnetwork hierarchies of biochemical pathways.},
  url = {http://dblp.uni-trier.de/db/journals/bioinformatics/bioinformatics19.html#HolmeHJ03},
  volume = 19,
  year = 2003
}

@inproceedings{PinWes06,
  added-at = {2009-02-23T16:43:09.000+0100},
  author = {Pinney, John W. and Westhead, David R.},
  biburl = {http://www.bibsonomy.org/bibtex/2c30887dfbd3c2e195bbd3a0b89da3157/snarc},
  booktitle = {Interdisciplinary Statistics and Bioinformatics},
  editor = {Barber, S. and Baxter, P.D. and Mardia, K.V. and Walls, R.E.},
  interhash = {a84fdad3d0ee5d6a91df800f8cd54c72},
  intrahash = {c30887dfbd3c2e195bbd3a0b89da3157},
  keywords = {overlapping_communities},
  pages = {87-90},
  publisher = {Leeds University Press},
  timestamp = {2009-02-23T16:43:09.000+0100},
  title = {Betweenness-based Decomposition Methods for Social and Biological Networks},
  year = 2007
}

@inproceedings{Gregory:2007,
 author = {Gregory, Steve},
 title = {An Algorithm to Find Overlapping Community Structure in Networks},
 booktitle = {Proceedings of the 11th European Conference on Principles and Practice of Knowledge Discovery in Databases},
 series = {PKDD 2007},
 year = {2007},
 isbn = {978-3-540-74975-2},
 location = {Warsaw, Poland},
 pages = {91--102},
 numpages = {12},
 url = {http://dx.doi.org/10.1007/978-3-540-74976-9_12},
 doi = {10.1007/978-3-540-74976-9_12},
 acmid = {1421765},
 publisher = {Springer-Verlag},
 address = {Berlin, Heidelberg},
}




@Article{Castellano04,
	author = "C. Castellano and F. Cecconi and V. Loreto and D. Parisi and F. Radicchi",
	journal = "The European Physical Journal B - Condensed Matter and Complex Systems",
	month = mar,
	number = "2",
	pages = "311--319",
	publisher = "Springer Berlin / Heidelberg",
	title = "{Self-contained algorithms to detect communities in networks}",
	volume = "38",
	year = "2004"
}

@article{ZhaWanZha07,
  added-at = {2009-02-23T16:43:09.000+0100},
  author = {Zhang, Shihua and Wang, Rui-Sheng and Zhang, Xiang-Sun},
  biburl = {http://www.bibsonomy.org/bibtex/2657972319da071c0fa3849b2426956c2/snarc},
  interhash = {2877ed395686cfc36baf98dd7cf7824a},
  intrahash = {657972319da071c0fa3849b2426956c2},
  journal = {Physica A: Statistical Mechanics and its Applications},
  keywords = {overlapping_communities},
  number = 1,
  pages = {483-490},
  timestamp = {2009-02-23T16:43:09.000+0100},
  title = {Identification of Overlapping Community Structure in Complex Networks Using Fuzzy c-means Clustering},
  volume = 374,
  year = 2007
}

@article{PhysRevLett.87.198701,
  title = {Efficient Behavior of Small-World Networks},
  author = {Latora, Vito and Marchiori, Massimo},
  journal = {Phys. Rev. Lett.},
  volume = {87},
  issue = {19},
  pages = {198701},
  numpages = {4},
  year = {2001},
  month = {Oct},
  publisher = {American Physical Society},
  doi = {10.1103/PhysRevLett.87.198701},
  url = {http://link.aps.org/doi/10.1103/PhysRevLett.87.198701}
}

@article{ForLatMar04,
  added-at = {2009-02-28T21:01:39.000+0100},
  author = {Fortunato, Santo and Latora, Vito and Marchiori, Massimo},
  biburl = {http://www.bibsonomy.org/bibtex/287c2ea03aed40e26e5e7f9f8a554a328/tfalk},
  interhash = {6f4d7f56a1752e91a031027c514d8aaa},
  intrahash = {87c2ea03aed40e26e5e7f9f8a554a328},
  journal = {Physical Review},
  keywords = {imported},
  number = 056104,
  timestamp = {2009-02-28T21:01:39.000+0100},
  title = {Method to find community structures based on information centrality},
  volume = {E 70},
  year = 2004
}


@article{PhysRevE.69.066133,
  title = {Fast algorithm for detecting community structure in networks},
  author = {Newman, M. E. J.},
  journal = {Phys. Rev. E},
  volume = {69},
  issue = {6},
  pages = {066133},
  numpages = {5},
  year = {2004},
  month = {Jun},
  publisher = {American Physical Society},
  doi = {10.1103/PhysRevE.69.066133},
  url = {http://link.aps.org/doi/10.1103/PhysRevE.69.066133}
}

@article{Danon2006,
  added-at = {2011-03-14T01:02:18.000+0100},
  author = {Danon, Leon and {D\'{i}az-Guilera}, Albert and Arenas, Alex},
  biburl = {http://www.bibsonomy.org/bibtex/27e69f9e302fabcd942748c720f4e636c/lantiq},
  file = {full paper:Danon2006.pdf:PDF},
  groups = {public},
  interhash = {0e3727b15e1598126a7f78c603d039fa},
  intrahash = {7e69f9e302fabcd942748c720f4e636c},
  journal = {Journal of Statistical Mechanics},
  keywords = {networks},
  number = 11,
  pages = {P11010},
  timestamp = {2011-03-14T01:02:18.000+0100},
  title = {The effect of size heterogeneity on community identification in complex networks},
  username = {lantiq},
  volume = 2006,
  year = 2006
}

@inproceedings{Wakita:2007,
 author = {Wakita, Ken and Tsurumi, Toshiyuki},
 title = {Finding Community Structure in Mega-scale Social Networks: [Extended Abstract]},
 booktitle = {Proceedings of the 16th International Conference on World Wide Web},
 series = {WWW '07},
 year = {2007},
 isbn = {978-1-59593-654-7},
 location = {Banff, Alberta, Canada},
 pages = {1275--1276},
 numpages = {2},
 url = {http://doi.acm.org/10.1145/1242572.1242805},
 doi = {10.1145/1242572.1242805},
 acmid = {1242805},
 publisher = {ACM},
 address = {New York, NY, USA},
 keywords = {clustering, community analysis, social networking system},
} 

@Article{ SC08,
	author = "Philipp Schuetz and Amedeo Caflisch",
	journal = "Physical Review E",
	number = "4",
	pages = "046112",
	publisher = "APS",
	title = "{Efficient modularity optimization by multistep greedy algorithm and vertex mover refinement}",
	volume = "77",
	year = "2008"
}

@article{Kirkpatrick1983,
  author = {Kirkpatrick, S. and Gelatt, C. D. and Vecchi, M. P.},
  journal = {Science},
  number = 4598,
  pages = {671--680},
  publisher = {American Association for the Advancement of Science},
  series = {New Series},
  title = {Optimization by Simulated Annealing},
  url = {http://www.jstor.org/stable/1690046},
  volume = 220,
  year = 1983
}

@article{guimera2004,
  added-at = {2011-08-10T17:35:17.000+0200},
  author = {Guimera, R. and Sales-Pardo, M. and Amaral, L.A.N.},
  journal = {Physical Review E},
  number = 2,
  pages = 025101,
  publisher = {APS},
  title = {Modularity from fluctuations in random graphs and complex networks},
  volume = 70,
  year = 2004
}




@Article{ Massen_2005,
	author = "Claire P. Massen and Jonathan P. K. Doye",
	number = "046101",
        journal= " Physical Review E",
	title = "{Identifying communities within energy landscapes}",
	volume = "71",
	year = "2005"
}

@article{Medus2005,
  added-at = {2008-04-22T10:36:30.000+0200},
  author = {Medus, A. and Acu{\~n}a, G. and Dorso, C. O.},
  journal = {Physica A: Statistical Mechanics and its Applications},
  month = Dec,
  number = {2-4},
  pages = {593--604},
  title = {Detection of community structures in networks via global optimization},
  volume = 358,
  year = 2005
}


@article{Boettcher,
 author = {Boettcher, Stefan and Percus, Allon G.},
 title = {Optimization with Extremal Dynamics},
 journal = {Complex.},
 issue_date = {November 2002},
 volume = {8},
 number = {2},
 month = nov,
 year = {2002},
 issn = {1076-2787},
 pages = {57--62},
 publisher = {John Wiley \& Sons, Inc.},
 address = {New York, NY, USA}
 } 

@article{PhysRevE.72.,
  title = {Community detection in complex networks using extremal optimization},
  author = {Duch, Jordi and Arenas, Alex},
  journal = {Phys. Rev. E},
  volume = {72},
  issue = {2},
  pages = {027104},
  numpages = {4},
  year = {2005},
  month = {Aug},
  publisher = {American Physical Society},
  doi = {10.1103/PhysRevE.72.027104},
  url = {http://link.aps.org/doi/10.1103/PhysRevE.72.027104}
}

@article{Agarwal72,
journal={The European Physical Journal B},
volume={66},
number={3},
doi={10.1140/epjb/e2008-00425-1},
title={Modularity-maximizing graph communities via mathematical programming},
url={http://dx.doi.org/10.1140/epjb/e2008-00425-1},
publisher={Springer-Verlag},
keywords={89.75.Hc Networks and genealogical trees; 05.10.-a Computational methods in statistical physics and nonlinear dynamics; 02.10.Ox Combinatorics; graph theory; 87.23.Ge Dynamics of social systems},
author={Agarwal, G. and Kempe, D.},
pages={409-418},
language={English}
}

@article{Chen08,
  added-at = {2008-06-04T00:00:00.000+0200},
  author = {Chen, William Y. C. and Dress, Andreas W. M. and Yu, Winking Q.},
  journal = {Mathematics in Computer Science},
  number = 3,
  pages = {441-457},
  title = {Community Structures of Networks.},
  volume = 1,
  year = 2008
}

@Article{Berry,
	address = "Stanford University and HP Laboratories, 1501 Page Mill Road, Palo Alto, CA 94394, USA.",
	author = "Berry, J. W. and  Hendrickson, B. and LaViolette, R. A. and  Leung, V. J. and
 Phillips, C. A.",
	journal = "eprint arXiv:0710.3800",
	year = "2007"
}

@Article{Lehmann,
journal={The European Physical Journal B},
volume={60},
number={1},
title={Deterministic modularity optimization},
publisher={EDP Sciences},
author={Lehmann, S. and Hansen, L. K.},
pages={83-88}
}

@Article{ Peterson:1987,
	author = "C. Peterson and J. R. Anderson",
	citeulike-article-id = "1619021",
	journal = "Complex Systems",
	keywords = "leabra, neural-networks, phd",
	pages = "995--1019",
	posted-at = "2007-09-04 12:45:27",
	priority = "2",
	title = "{A mean field theory learning algorithm for neural networks}",
	volume = "1",
	year = "1987"
}

@book{Holland:1992,
 author = {Holland, John H.},
 title = {Adaptation in Natural and Artificial Systems: An Introductory Analysis with Applications to Biology, Control and Artificial Intelligence},
 year = {1992},
 isbn = {0262082136},
 publisher = {MIT Press},
 address = {Cambridge, MA, USA},
} 

@inproceedings{Tasgin06g,
  author = {Tasgin, Mursel and Bingol, Haluk},
  booktitle = {ECCS '06: Proc. of the European Conference on Complex Systems},
  month = Apr,
  title = {Community Detection in Complex Networks using Genetic Algorithm},
  url = {http://arxiv.org/abs/cond-mat/0604419},
  year = 2006
}

@inproceedings{LiuLWT07,
  author = {Liu, Xin and Li, Deyi and Wang, Shuliang and Tao, Zhiwei},
  booktitle = {International Conference on Computational Science (2)},
  editor = {Shi, Yong and van Albada, G. Dick and Dongarra, Jack and Sloot, Peter M. A.},
  pages = {657-664},
  publisher = {Springer},
  series = {Lecture Notes in Computer Science},
  timestamp = {2007-07-24T00:00:00.000+0200},
  title = {Effective Algorithm for Detecting Community Structure in Complex Networks Based on GA and Clustering.},
  url = {http://dblp.uni-trier.de/db/conf/iccS/iccS2007-2.html#LiuLWT07},
  volume = 4488,
  year = 2007
}

@article{PhysRevE.70,
  added-at = {2010-04-28T06:56:32.000+0200},
  author = {Newman, M. E. J.},
  biburl = {http://www.bibsonomy.org/bibtex/246b762f4dd718649d5024ead4b6fdf06/folke},
  description = {Phys. Rev. E 70, 056131 (2004): Analysis of weighted networks},
  doi = {10.1103/PhysRevE.70.056131},
  interhash = {5e36ff53e9fd2c58615a38b5ef708a19},
  intrahash = {46b762f4dd718649d5024ead4b6fdf06},
  journal = {Phys. Rev. E},
  keywords = {COMMUNE community detection graphs modularity networks weighted},
  month = nov,
  number = 5,
  numpages = {9},
  pages = 056131,
  publisher = {American Physical Society},
  timestamp = {2010-04-28T06:56:32.000+0200},
  title = {Analysis of weighted networks},
  url = {http://pre.aps.org/abstract/PRE/v70/i5/e056131},
  volume = 70,
  year = 2004
}

@article{Arenas07,
  added-at = {2011-12-05T00:00:00.000+0100},
  author = {Arenas, Alex and Duch, J. and Fernandez, A. and Gómez, Sergio},
  biburl = {http://www.bibsonomy.org/bibtex/26837d33c9305ccb83bb6692dc3802e79/dblp},
  ee = {http://arxiv.org/abs/physics/0702015},
  interhash = {91e534fb4d11bddc12c97630a27ed24f},
  intrahash = {6837d33c9305ccb83bb6692dc3802e79},
  journal = {CoRR},
  keywords = {dblp},
  timestamp = {2011-12-05T00:00:00.000+0100},
  title = {Size reduction of complex networks preserving modularity},
  url = {http://dblp.uni-trier.de/db/journals/corr/corr0702.html#abs-physics-0702015},
  volume = {abs/physics/0702015},
  year = 2007
}

@article{Phys118703,
  title = {Community Structure in Directed Networks},
  author = {Leicht, E. A. and Newman, M. E. J.},
  journal = {Phys. Rev. Lett.},
  volume = {100},
  issue = {11},
  pages = {118703},
  numpages = {4},
  year = {2008},
  month = {Mar},
  publisher = {American Physical Society},
  doi = {10.1103/PhysRevLett.100.118703},
  url = {http://link.aps.org/doi/10.1103/PhysRevLett.100.118703}
}

@TechReport{ KSJ,
	author = "Y. Kim and S. W. Son and H. Jeong",
	number = "arXiv:0902.3728",
	title = "{Link Rank: Finding communities in directed networks}",
	}

@article{Rosvall290,
author = {Rosvall, Martin and Bergstrom, Carl T.}, 
title = {Maps of random walks on complex networks reveal community structure},
volume = {105}, 
number = {4}, 
pages = {1118-1123}, 
year = {2008}, 
journal = {Proceedings of the National Academy of Sciences} 
}

@inproceedings{Gaertler:2007,
 author = {Gaertler, Marco and G\"{o}rke, Robert and Wagner, Dorothea},
 title = {Significance-Driven Graph Clustering},
 booktitle = {Proceedings of the 3rd International Conference on Algorithmic Aspects in Information and Management},
 series = {AAIM '07},
 year = {2007},
 isbn = {978-3-540-72868-9},
 location = {Portland, OR, USA},
 pages = {11--26},
 numpages = {16},
 url = {http://dx.doi.org/10.1007/978-3-540-72870-2_2},
 doi = {10.1007/978-3-540-72870-2_2},
 acmid = {1419281},
 publisher = {Springer-Verlag},
 address = {Berlin, Heidelberg},
} 

@article{Arenas2007Motif,
  author = {Arenas, Alex and Fernandez, Alberto and Fortunato, Santo and Gomez, Sergio},
 journal ={Journal of Physics A},
 volume={41},
number ={22},
  month = Sep,
  title = {Motif-based communities in complex networks},
pages ={224001},
  year = 2008
}

@article{Guimera:2007,
 author = {Guimer\`{a}, R. and Sales-Pardo, M. and Amaral, L.A.N.},
 title = {A Network-based Method for Target Selection in Metabolic Networks},
 journal = {Bioinformatics},
 volume = {23},
 number = {13},
 month = jul,
 year = {2007},
 pages = {1616--1622},
 publisher = {Oxford University Press},
 address = {Oxford, UK}
}

@article{barber2007mac,
  author = {Barber, M. J.},
  journal = {Physical Review E},
  number = 6,
  title = {Modularity and community detection in bipartite networks},
  volume = 76,
  year = 2007
}

@InProceedings{Barber2008,
  Title                    = {Searching for Communities in Bipartite Networks},
  Author                   = {Barber, M.~J.~ and Faria, M.~ and Streit, L.~ and Strogan, O.~},
  Booktitle                = {Searching for Communities in Bipartite Networks: Proceedings of the 5th Jagna International Workshop},
  Year                     = {2008},
  Editor                   = {Bernido, C.~C.~ and Bernido, V.~C.~},
  Number                   = {1},
  Pages                    = {171--182},
  Publisher                = {AIP Conf.~Proc.},
  Volume                   = {1021},
  }

@article{Wu235,
  author = {Wu, F. Y.},
  journal = {Rev. Mod. Phys.},
  month = jan,
  number = 1,
  pages = {235--268},
  publisher = {American Physical Society},
  title = {The Potts model},
  volume = 54,
  year = 1982
}

@Article{ Blatt1996,
	author = "Marcelo Blatt and Shai Wiseman and Eytan Domany",
	journal = "Physical Review Letters",
	month = apr,
	number = "18",
	pages = "3251--3254",
	publisher = "American Physical Society",
	title = "{Superparamagnetic Clustering of Data}",
	volume = "76",
	year = "1996"
}

@article{reichardt2004,
  added-at = {2011-08-02T17:52:55.000+0200},
  author = {Reichardt, J\"org and Bornholdt, Stefan},
  journal = {Phys. Rev. Lett.},
  month = nov,
  number = 21,
  pages = 218701,
  publisher = {American Physical Society},
  title = {Detecting Fuzzy Community Structures in Complex Networks with a Potts Model},
  volume = 93,
  year = 2004
}

@article{SonSW,
journal={The European Physical Journal B - Condensed Matter and Complex Systems},
volume={50},
number={3},
doi={10.1140/epjb/e2006-00155-4},
title={Random field Ising model and community structure  in complex networks},
url={http://dx.doi.org/10.1140/epjb/e2006-00155-4},
publisher={EDP Sciences},
keywords={89.75.Hc Networks and genealogical trees; 89.65.-s Social and economic systems; 05.10.-a Computational methods in statistical physics and nonlinear dynamics; 05.50.+q Lattice theory and statistics},
author={Son, S.-W. and Jeong, H. and Noh, J. D.},
pages={431-437},
language={English}
}

@book{hughes1995,
  title={Random Walks and Random Environments: Random walks},
  author={Hughes, B.D.},
  number={v. 1},
  isbn={9780198537885},
  lccn={lc94045504},
  series={Oxford science publications},
  url={http://books.google.co.in/books?id=QhOen\_t0LeQC},
  year={1995},
  publisher={Clarendon Press}
}



@article{reichardt2006smc,
  author = {Reichardt, J. and Bornholdt, S.},
  journal = {Arxiv preprint cond-mat/0603718},
  title = {{Statistical mechanics of community detection}},
  year = 2006
}

@Article{Arenas,
	author = "A Arenas and A Fern{\'a}ndez and S G{\'o}mez",
	title = "Analysis of the structure of complex networks at different resolution levels",
	journal = "New Journal of Physics",
	volume = "10",
	number = "5",
	pages = "053039",
	url = "http://stacks.iop.org/1367-2630/10/i=5/a=053039",
	year = "2008",
}

@article{Dongxiao,
  author    = {Dongxiao He and
               Dayou Liu and
               Weixiong Zhang and
               Di Jin and
               Bo Yang},
  title     = {Discovering link communities in complex networks by exploiting
               link dynamics},
  journal   = {CoRR},
  volume    = {abs/1303.4699},
  year      = {2013},
}

@article{santo_11,
  author    = {Andrea Lancichinetti and
               Santo Fortunato},
  title     = {Limits of modularity maximization in community detection},
  journal   = {Phys. Rev. E},
  volume    = {84},
  year      = {2011},
 pages={066122}
}

@article{Chen_2013,
    author = {Mingming Chen and Tommy Nguyen and Boleslaw Szymanski},
    journal = {ASE Human Journal},
    title = {A New Metric for Quality of Network Community Structure},
    volume = {1},
    number = {4},
    pages = {226-240},
    year = {2013}
}

@article{Zhou:2003a,
  added-at = {2010-01-28T11:42:45.000+0100},
  author = {Zhou, Haijun},
  journal = {Physical Review E},
  title = {Distance, dissimilarity index, and network community structure},
  volume = {67},
  number ={6},
  pages  ={061901},
  year = 2003
}




@inproceedings{ZhouL04,
  added-at = {2011-07-07T00:00:00.000+0200},
  author = {Zhou, Haijun and Lipowsky, Reinhard},
  biburl = {http://www.bibsonomy.org/bibtex/270951376c97ce52e209df8808d6b8238/dblp},
  booktitle = {International Conference on Computational Science},
  editor = {Bubak, Marian and van Albada, G. Dick and Sloot, Peter M. A. and Dongarra, Jack},
  pages = {1062-1069},
  publisher = {Springer},
  series = {Lecture Notes in Computer Science},
  title = {Network Brownian Motion: A New Method to Measure Vertex-Vertex Proximity and to Identify Communities and Subcommunities.},
  volume = 3038,
  year = 2004
}

@inproceedings{Yolum,
booktitle={Computer and Information Sciences - ISCIS 2005},
volume={3733},
series={Lecture Notes in Computer Science},
editor={Yolum, pInar and G{\"u}ng{\"o}r, Tunga and G{\"u}rgen, Fikret and {\"O}zturan, Can},
doi={10.1007/11569596\_31},
title={Computing Communities in Large Networks Using Random Walks},
url={http://dx.doi.org/10.1007/11569596\_31},
publisher={Springer Berlin Heidelberg},
author={Pons, Pascal and Latapy, Matthieu},
pages={284-293},
language={English}
}

@article{Hu026121,
  title = {Comparative definition of community and corresponding identifying algorithm},
  author = {Hu, Yanqing and Chen, Hongbin and Zhang, Peng and Li, Menghui and Di, Zengru and Fan, Ying},
  journal = {Phys. Rev. E},
  volume = {78},
  issue = {2},
  pages = {026121},
  numpages = {7},
  year = {2008},
  month = {Aug},
  publisher = {American Physical Society},
  doi = {10.1103/PhysRevE.78.026121},
  url = {http://link.aps.org/doi/10.1103/PhysRevE.78.026121}
}

@Article{ delvenne,
	author = "J. C. Delvenne and S. N. Yaliraki and M. Barahona",
	journal = "Proceedings of the National Academy of Sciences",
	month = jul,
	number = "29",
	pages = "12755--12760",
	publisher = "National Academy of Sciences",
	title = "{Stability of graph communities across time scales}",
	volume = "107",
	year = "2010"
}

@phdthesis{vandongen00,
  added-at = {2009-09-10T14:36:22.000+0200},
  author = {van Dongen, Stijn},
  school = {University of Utrecht},
  title = {Graph Clustering by Flow Simulation},
  year = 2000
}

@book{MacKay:2002,
 author = {MacKay, David J. C.},
 title = {Information Theory, Inference \& Learning Algorithms},
 year = {2002},
 isbn = {0521642981},
 publisher = {Cambridge University Press},
 address = {New York, NY, USA},
} 

@book{winkler1972,
  title={An Introduction to Bayesian Inference and Decision},
  author={Winkler, R.L.},
  isbn={9780030813276},
  lccn={70166109},
  series={International series in decision processes},
  url={http://books.google.co.in/books?id=GHB2QgAACAAJ},
  year={1972},
  publisher={Holt, Rinehart and Winston}
}

@article{Hastings035102,
  title = {Community detection as an inference problem},
  author = {Hastings, M. B.},
  journal = {Phys. Rev. E},
  volume = {74},
  issue = {3},
  pages = {035102},
  numpages = {4},
  year = {2006},
  month = {Sep},
  publisher = {American Physical Society},
  doi = {10.1103/PhysRevE.74.035102},
  url = {http://link.aps.org/doi/10.1103/PhysRevE.74.035102}
}

@article{Newman05062007,
author = {Newman, M. E. J. and Leicht, E. A.}, 
title = {Mixture models and exploratory analysis in networks},
volume = {104}, 
number = {23}, 
pages = {9564-9569}, 
year = {2007}, 
journal = {Proceedings of the National Academy of Sciences} 
}

@article{Vazquez066106,
  title = {Population stratification using a statistical model on hypergraphs},
  author = {Vazquez, Alexei},
  journal = {Phys. Rev. E},
  volume = {77},
  issue = {6},
  pages = {066106},
  numpages = {7},
  year = {2008},
  month = {Jun},
  publisher = {American Physical Society},
  }

@article{Ren036111,
  title = {Simple probabilistic algorithm for detecting community structure},
  author = {Ren, Wei and Yan, Guiying and Liao, Xiaoping and Xiao, Lan},
  journal = {Phys. Rev. E},
  volume = {79},
  issue = {3},
  pages = {036111},
  numpages = {9},
  year = {2009},
  month = {Mar},
  publisher = {American Physical Society},
  doi = {10.1103/PhysRevE.79.036111},
  url = {http://link.aps.org/doi/10.1103/PhysRevE.79.036111}
}

@misc{Μcopi05,
    author = {Copic, J. and  Jackson, M. O. and  Kirman, A.},
    title = {Identifying Community Structures from Network Data},
    year = {2005}
}

@Article{Hugo08,
    title = {Fast online graph clustering via Erdos-Renyi mixture.},
    journal = {Pattern Recognition},
    volume = {41},
    pages = {3592-3599},
    year = {2008},
    author = {Hugo Zanghi and Christophe Ambroise and Vincent Miele},
  }

@misc{Hofman2007,
   author = {Hofman, Jake M. and Wiggins, Chris H.},
  month = Sep,
  title = {A Bayesian Approach to Network Modularity},
  year = 2007
}

@article{Rosvall01052007,
author = {Rosvall, Martin and Bergstrom, Carl T.}, 
title = {An information-theoretic framework for resolving community structure in complex networks},
volume = {104}, 
number = {18}, 
pages = {7327-7331}, 
year = {2007}, 
journal = {Proceedings of the National Academy of Sciences} 
}

@inproceedings{Sun:2007,
 author = {Sun, Jimeng and Faloutsos, Christos and Papadimitriou, Spiros and Yu, Philip S.},
 title = {GraphScope: Parameter-free Mining of Large Time-evolving Graphs},
 booktitle = {Proceedings of the 13th ACM SIGKDD International Conference on Knowledge Discovery and Data Mining},
 series = {KDD '07},
 year = {2007},
 pages = {687--696},
 publisher = {ACM},
 address = {New York, NY, USA},
 keywords = {MDL, graphs, mining, streams},
} 

@article{Ros09,
  author = {Rosvall, M. and Axelsson, D. and Bergstrom, C. T.},
  month = {June},
  journal ={The European Physical Journal-Special Topics},
  volume={178},
  number={1},
  title = {The map equation},
  pages={13-23},
  year = 2009
}
 
@inproceedings{Chakrabarti04a,
  author = {Chakrabarti, Deepayan},
  booktitle = {PKDD},
  editor = {Boulicaut, Jean-François and Esposito, Floriana and Giannotti, Fosca and Pedreschi, Dino},
  pages = {112-124},
  publisher = {Springer},
  series = {Lecture Notes in Computer Science},
  title = {AutoPart: Parameter-Free Graph Partitioning and Outlier Detection.},
  volume = 3202,
  year = 2004
}

@article{Raghavan,
  title = {Near linear time algorithm to detect community structures in large-scale networks},
  author = {Raghavan, Usha Nandini and Albert, R\'eka and Kumara, Soundar},
  journal = {Phys. Rev. E},
  volume = {76},
  issue = {3},
  pages = {036106},
  numpages = {11},
  year = {2007},
  month = {Sep},
  publisher = {American Physical Society},
  doi = {10.1103/PhysRevE.76.036106},
  url = {http://link.aps.org/doi/10.1103/PhysRevE.76.036106}
}

@Article{ Tiby20084982,
	title = "On the equivalence of the label propagation method of community detection and a Potts model approach ",
	journal = "Physica A: Statistical Mechanics and its Applications ",
	volume = "387",
	number = "19--20",
	pages = "4982--4984",
	year = "2008",
	note = "",
	author = "Gergely Tib{\'e}ly and J{\'a}nos Kert{\'e}sz",
	}

@article{Leung066107,
  title = {Towards real-time community detection in large networks},
  author = {Leung, Ian X. Y. and Hui, Pan and Li\`o, Pietro and Crowcroft, Jon},
  journal = {Phys. Rev. E},
  volume = {79},
  issue = {6},
  pages = {066107},
  numpages = {10},
  year = {2009},
  month = {Jun},
  publisher = {American Physical Society},
  doi = {10.1103/PhysRevE.79.066107},
  url = {http://link.aps.org/doi/10.1103/PhysRevE.79.066107}
}

@article{Bagrow6108,
  title = {Local method for detecting communities},
  author = {Bagrow, James P. and Bollt, Erik M.},
  journal = {Phys. Rev. E},
  volume = {72},
  issue = {4},
  pages = {046108},
  numpages = {10},
  year = {2005},
  month = {Oct},
  publisher = {American Physical Society},
  doi = {10.1103/PhysRevE.72.046108},
  url = {http://link.aps.org/doi/10.1103/PhysRevE.72.046108}
}

@Article{Skusa,
	address = "Stanford University and HP Laboratories, 1501 Page Mill Road, Palo Alto, CA 94394, USA.",
	author = "Papadopoulos, S. and  Skusa, A. and  Vakali, A.  and   Kompatsiaris, Y. and  Wagner, N.",
	journal = "eprint arXiv:0902.08",
	year = "2009"
}

@article{Clauset026132,
  title = {Finding local community structure in networks},
  author = {Clauset, Aaron},
  journal = {Phys. Rev. E},
  volume = {72},
  issue = {2},
  pages = {026132},
  numpages = {6},
  year = {2005},
  month = {Aug},
  publisher = {American Physical Society}
}

@article{Eckmann300,
author = {Eckmann, Jean-Pierre and Moses, Elisha}, 
title = {Curvature of co-links uncovers hidden thematic layers in the World Wide Web},
volume = {99}, 
number = {9}, 
pages = {5825-5829}, 
year = {2002}, 
journal = {Proceedings of the National Academy of Sciences} 
}

@inproceedings{Long:2007,
 author = {Long, Bo and Zhang, Zhongfei (Mark) and Wu, Xiaoyun and Yu, Philip S.},
 title = {Relational Clustering by Symmetric Convex Coding},
 booktitle = {Proceedings of the 24th International Conference on Machine Learning},
 series = {ICML '07},
 year = {2007},
 isbn = {978-1-59593-793-3},
 location = {Corvalis, Oregon},
 pages = {569--576},
 numpages = {8},
 url = {http://doi.acm.org/10.1145/1273496.1273568},
 doi = {10.1145/1273496.1273568},
 acmid = {1273568},
 publisher = {ACM},
 address = {New York, NY, USA},
} 

@Article{ Zarei200,
	title = "Eigenvectors of network complement reveal community structure more accurately ",
	journal = "Physica A: Statistical Mechanics and its Applications ",
	volume = "388",
	number = "8",
	pages = "1721--1730",
	year = "2009",
	note = "",
	issn = "0378-4371",
	doi = "http://dx.doi.org/10.1016/j.physa.2009.01.007",
	url = "http://www.sciencedirect.com/science/article/pii/S0378437109000338",
	author = "Mina Zarei and Keivan Aghababaei Samani",
	}

@article{Gudkov113,
  title = {Community detection in complex networks by dynamical simplex evolution},
  author = {Gudkov, V. and Montealegre, V. and Nussinov, S. and Nussinov, Z.},
  journal = {Phys. Rev. E},
  volume = {78},
  issue = {1},
  pages = {016113},
  numpages = {7},
  year = {2008},
  month = {Jul},
  publisher = {American Physical Society},
  doi = {10.1103/PhysRevE.78.016113},
  url = {http://link.aps.org/doi/10.1103/PhysRevE.78.016113}
}

@article{Krawczyk,
  title = {Differential equations as a tool for community identification},
  author = {Krawczyk, Ma\l{}gorzata J.},
  journal = {Phys. Rev. E},
  volume = {77},
  issue = {6},
  pages = {065701},
  numpages = {4},
  year = {2008},
  month = {Jun},
  publisher = {American Physical Society},
  doi = {10.1103/PhysRevE.77.065701},
  url = {http://link.aps.org/doi/10.1103/PhysRevE.77.065701}
}


@article{Xie_2013s,
 author = {Xie, Jierui and Kelley, Stephen and Szymanski, Boleslaw K.},
 title = {Overlapping Community Detection in Networks: The State-of-the-art and Comparative Study},
 journal = {ACM Comput. Surv.},
 issue_date = {August 2013},
 volume = {45},
 number = {4},
 month = aug,
 year = {2013},
 pages = {43:1--43:35},
 publisher = {ACM},
 address = {New York, NY, USA},
 } 

@article{Palla05,
  author = {Palla, Gergely and Derényi, Imre and Farkas, Illés and Vicsek, Tamás},
  journal = {Nature},
  month = {June},
  number = 7043,
  pages = {814--818},
  title = {Uncovering the overlapping community structure of complex networks
	in nature and society},
  volume = 435,
  year = 2005
}

@Article{Farkas180,
	author = "Ill{\'e}s Farkas and D{\'a}niel {\'A}bel and Gergely Palla and Tam{\'a}s Vicsek",
	title = "Weighted network modules",
	journal = "New Journal of Physics",
	volume = "9",
	number = "6",
	pages = "180",
	url = "http://stacks.iop.org/1367-2630/9/i=6/a=180",
	year = "2007",
	}

@article{Kumpula08,
  title = {Sequential algorithm for fast clique percolation},
  author = {Kumpula, Jussi M. and Kivel\"a, Mikko and Kaski, Kimmo and Saram\"aki, Jari},
  journal = {Phys. Rev. E},
  volume = {78},
  issue = {2},
  pages = {026109},
  numpages = {7},
  year = {2008},
  month = {Aug},
  publisher = {American Physical Society},
  doi = {10.1103/PhysRevE.78.026109},
  url = {http://link.aps.org/doi/10.1103/PhysRevE.78.026109}
}

@article{Evans0638,
  added-at = {2011-12-05T00:00:00.000+0100},
  author = {Evans, T. S.},
  biburl = {http://www.bibsonomy.org/bibtex/2eaf4f6e59d1283618f514a6d0e84d5ec/dblp},
  ee = {http://arxiv.org/abs/1009.0638},
  interhash = {41d3b904d18e62aa477b5d128a8dd5b2},
  intrahash = {eaf4f6e59d1283618f514a6d0e84d5ec},
  journal = {CoRR},
  keywords = {dblp},
  timestamp = {2011-12-05T00:00:00.000+0100},
  title = {Clique Graphs and Overlapping Communities},
  url = {http://dblp.uni-trier.de/db/journals/corr/corr1009.html#abs-1009-0638},
  volume = {abs/1009.0638},
  year = 2010
}


@article{Evans2010,
journal={The European Physical Journal B},
volume={77},
number={2},
doi={10.1140/epjb/e2010-00261-8},
title={Line graphs of weighted networks for overlapping communities},
url={http://dx.doi.org/10.1140/epjb/e2010-00261-8},
publisher={Springer-Verlag},
author={Evans, T. S. and Lambiotte, R.},
pages={265-272},
year={2010}
}

@INPROCEEDINGS{5680851, 
author={Zhihao Wu and Youfang Lin and Huaiyu Wan and Shengfeng Tian}, 
booktitle={ 2010 International Conference on Intelligent Systems and Knowledge Engineering (ISKE)}, 
title={A fast and reasonable method for community detection with adjustable extent of overlapping}, 
year={2010}, 
month={Nov}, 
pages={376-379}
}

@article{Kim0257,
  author = {Kim, Youngdo and Jeong, Hawoong},
  journal = {CoRR},
  title = {The map equation for link community},
  volume = {abs/1105.0257},
  year = 2011
}

@Article{NicosiaP03024,
	author = "V Nicosia and G Mangioni and V Carchiolo and M Malgeri",
	title = "Extending the definition of modularity to directed graphs with overlapping communities",
	journal = "Journal of Statistical Mechanics: Theory and Experiment",
	volume = "2009",
	number = "03",
	pages = "P03024",
	url = "http://stacks.iop.org/1742-5468/2009/i=03/a=P03024",
	year = "2009",
	
}

@Article{Lancichinetti033015,
	author = "Andrea Lancichinetti and Santo Fortunato and J{\'a}nos Kert{\'e}sz",
	title = "Detecting the overlapping and hierarchical community structure in complex networks",
	journal = "New Journal of Physics",
	volume = "11",
	number = "3",
	pages = "033015",
	url = "http://stacks.iop.org/1367-2630/11/i=3/a=033015",
	year = "2009",
}

@inproceedings{BaumesGKMP05,
  author = {Baumes, Jeffrey and Goldberg, Mark K. and Krishnamoorthy, Mukkai S. and Magdon-Ismail, Malik and Preston, Nathan},
  booktitle = {IADIS AC},
  pages = {97-104},
  publisher = {IADIS},
  title = {Finding communities by clustering a graph into overlapping subgraphs.},
  year = 2005
}

@book{kelley2011,
  title={The Existence and Discovery of Overlapping Communities in Large-Scale Networks},
  author={Kelley, S.},
  isbn={9781243729200},
  url={http://books.google.co.in/books?id=mW4CywAACAAJ},
  year={2011},
  publisher={BiblioBazaar}
}

@article{Havemann2010,
  added-at = {2012-10-10T00:00:00.000+0200},
  author = {Havemann, Frank and 0003, Michael Heinz and Struck, Alexander and Gläser, Jochen},
  biburl = {http://www.bibsonomy.org/bibtex/21f15e3c36c69571491195dd0e674fe8d/dblp},
  ee = {http://arxiv.org/abs/1012.1269},
  interhash = {837c3f5907c87e13e5233516dd923c39},
  intrahash = {1f15e3c36c69571491195dd0e674fe8d},
  journal = {CoRR},
  keywords = {dblp},
  timestamp = {2012-10-10T00:00:00.000+0200},
  title = {Identification of overlapping communities and their hierarchy by locally calculating community-changing resolution levels},
  url = {http://dblp.uni-trier.de/db/journals/corr/corr1012.html#abs-1012-1269},
  volume = {abs/1012.1269},
  year = 2010
}

@article{pone.0018961,
  author = {Lancichinetti, Andrea and Radicchi, Filippo and Ramasco, José J. and Fortunato, Santo},
  journal = {PLoS ONE},
  month = {04},
  number = 4,
  pages = {e18961},
  publisher = {Public Library of Science},
  title = {Finding Statistically Significant Communities in Networks},
  volume = 6,
  year = 2011
}

@article{Bianconi1407,
author = {Bianconi, Ginestra and Pin, Paolo and Marsili, Matteo}, 
title = {Assessing the relevance of node features for network structure},
volume = {106}, 
number = {28}, 
pages = {11433-11438}, 
year = {2009}, 
journal = {Proceedings of the National Academy of Sciences} 
}

@article{Molloy:1995,
 author = {Molloy, Michael and Reed, Bruce},
 title = {A Critical Point for Random Graphs with a Given Degree Sequence},
 journal = {Random Struct. Algorithms},
 volume = {6},
 number = {2/3},
 month = mar,
 year = {1995},
 pages = {161--179},
 publisher = {John Wiley \& Sons, Inc.},
 address = {New York, NY, USA},
} 

@article{Jin5675,
  author = {Jin, Di and 0002, Bo Yang and Baquero, Carlos and Liu, Dayou and He, Dongxiao and Liu, Jie},
  journal = {CoRR},
  title = {Markov random walk under constraint for discovering overlapping communities in complex networks},
  volume = {abs/1303.5675},
  year = 2013
}

@article{Newman2001,
  author = {Newman, M. E. J. and Strogatz, S. H. and Watts, D. J.},
  journal = {Physical Review E},
  number = 2,
  pages = 026118,
  publisher = {American Physical Society},
  timestamp = {2011-02-10T14:28:20.000+0100},
  title = {Random graphs with arbitrary degree distributions and their applications},
  volume = 64,
  year = 2001
}

@INPROCEEDINGS{5447860, 
author={Padrol-Sureda, A. and Perarnau-Llobet, G. and Pfeifle, J. and Muntes-Mulero, V.}, 
booktitle={2010 IEEE 26th International Conference on Data Engineering (ICDE)}, 
title={Overlapping Community Search for social networks}, 
year={2010}, 
month={March}, 
pages={992-995}, 
}

@Article{ Chen20104177,
	title = "Detecting overlapping communities of weighted networks via a local algorithm ",
	journal = "Physica A: Statistical Mechanics and its Applications ",
	volume = "389",
	number = "19",
	pages = "4177--4187",
	year = "2010",
	note = "",
	author = "Duanbing Chen and Mingsheng Shang and Zehua Lv and Yan Fu",
	}

@INPROCEEDINGS{5591234, 
author={Cazabet, R. and Amblard, F. and Hanachi, C.}, 
booktitle={2010 IEEE Second International Conference on Social Computing (SocialCom) }, 
title={Detection of Overlapping Communities in Dynamical Social Networks}, 
year={2010}, 
month={Aug}, 
pages={309-314}
}

@article{nature2010,
    Author    = {Y.-Y. Ahn and J. P. Bagrow and S. Lehmann},
    Title     = {Link communities reveal multiscale complexity in networks},
    journal   = {Nature},
    volume    = {466},
    pages     = {761--764},
    Year      = {2010},
}

@inproceedings{Renaud,
  author = {Lambiotte, Renaud},
  booktitle = {WiOpt},
  pages = {546-553},
  publisher = {IEEE},
  title = {Multi-scale modularity in complex networks},
  year = 2010
}

@Article{ 1367-2630-11-3-033015,
	author = "Andrea Lancichinetti and Santo Fortunato and J{\'a}nos Kert{\'e}sz",
	title = "Detecting the overlapping and hierarchical community structure in complex networks",
	journal = "New Journal of Physics",
	volume = "11",
	number = "3",
	pages = "033015",
	url = "http://stacks.iop.org/1367-2630/11/i=3/a=033015",
	year = "2009"
}

@Article{ Shen20091706,
	title = "Detect overlapping and hierarchical community structure in networks ",
	journal = "Physica A: Statistical Mechanics and its Applications ",
	volume = "388",
	number = "8",
	pages = "1706--1712",
	year = "2009",
	note = "",
	author = "Huawei Shen and Xueqi Cheng and Kai Cai and Mao-Bin Hu",
}

@Article{Vicsek,
	author = "A. L{\'a}z{\'a}r and D. {\'A}bel and T. Vicsek",
	title = "Modularity measure of networks with overlapping communities",
	journal = "Europhys. Lett.",
	volume = "90",
	number = "1",
	pages = "18001",
	year = "2010"
}


@INPROCEEDINGS{Lee10, 
author={Lee, C. and Reid, F. and Mcdaid, A. and Hurley, N.}, 
booktitle={In Proceedings of the 4th Workshop on Social Network Mining and Analysis, (SNA/KDD10)}, 
title={Detecting highly overlapping community structure by greedy clique expansion}, 
year={2010}, 
month={Aug}, 
pages={33-42}
}

@inproceedings{DuWW08,
  author = {Du, Nan and Wang, Bai and Wu, Bin},
  booktitle = {CIKM},
  editor = {Shanahan, James G. and Amer-Yahia, Sihem and Manolescu, Ioana and Zhang, Yi and Evans, David A. and Kolcz, Aleksander and Choi, Key-Sun and Chowdhury, Abdur},
  pages = {1371-1372},
  publisher = {ACM},
  title = {Overlapping community structure detection in networks.},
  year = 2008
}

@misc{nepusz07b,
  author = {Nepusz, Tamás and Petróczi, Andrea and Négyessy, László and Bazsó, Fülöp},
  howpublished = {E-print},
  title = {Fuzzy communities and the concept of bridgeness in complex networks},
  year = 2007
}

@Article{ Zhang2007483,
	title = "Identification of overlapping community structure in complex networks using fuzzy -means clustering ",
	journal = "Physica A: Statistical Mechanics and its Applications ",
	volume = "374",
	number = "1",
	pages = "483--490",
	year = "2007",
	author = "Shihua Zhang and Rui-Sheng Wang and Xiang-Sun Zhang",
	}

@INPROCEEDINGS{5473438, 
author={Fan Ding and Zhigang Luo and Jinlong Shi and Xiaoyong Fang}, 
booktitle={Intelligent Systems and Applications (ISA), 2010 2nd International Workshop on}, 
title={Overlapping Community Detection by Kernel-Based Fuzzy Affinity Propagation}, 
year={2010}, 
month={May}, 
pages={1-4}
}


@INPROCEEDINGS{4781180, 
author={Qiang Fu and Banerjee, A.}, 
booktitle={Eighth IEEE International Conference on Data Mining (ICDM)}, 
title={Multiplicative Mixture Models for Overlapping Clustering}, 
year={2008}, 
month={Dec}, 
pages={791-796}, 
}

@inproceedings{Magdon-IsmailP11,
  author = {Magdon-Ismail, Malik and Purnell, Jonathan T.},
  booktitle = {SocialCom/PASSAT},
  pages = {756-759},
  publisher = {IEEE},
  title = {SSDE-Cluster: Fast Overlapping Clustering of Networks Using Sampled Spectral Distance Embedding and GMMs.},
  year = 2011
}

@article{Nowicki55,
  author = {Nowicki, K. and Snijders, T. A. B.},
  journal = {Journal of the American Statistical Association},
  month = {September},
  number = 455,
  pages = {1077--1087},
  title = {Estimation and Prediction for Stochastic Blockstructures},
  volume = 96,
  year = 2001
}

@article{1220.62083,
author="Latouche, Pierre and Birmel\'e, Etienne and Ambroise, Christophe",
title="{Overlapping stochastic block models with application to the French
    political blogosphere.}",
language="English",
journal="Ann. Appl. Stat. ",
volume="5",
number="1",
pages="309-336",
year="2011"
}

@inproceedings{McDaid:2010,
 author = {McDaid, Aaron and Hurley, Neil},
 title = {Detecting Highly Overlapping Communities with Model-Based Overlapping Seed Expansion},
 booktitle = {Proceedings of the 2010 International Conference on Advances in Social Networks Analysis and Mining},
 series = {ASONAM '10},
 year = {2010},
 pages = {112--119},
 publisher = {IEEE Computer Society},
 address = {Washington, DC, USA},
 } 

@article{Zhang046103,
  title = {Uncovering fuzzy community structure in complex networks},
  author = {Zhang, Shihua and Wang, Rui-Sheng and Zhang, Xiang-Sun},
  journal = {Phys. Rev. E},
  volume = {76},
  issue = {4},
  pages = {046103},
  numpages = {7},
  year = {2007},
  month = {Oct},
  publisher = {American Physical Society},
  doi = {10.1103/PhysRevE.76.046103},
  url = {http://link.aps.org/doi/10.1103/PhysRevE.76.046103}
}

@Article{ZareiP11013,
	author = "Mina Zarei and Dena Izadi and Keivan Aghababaei Samani",
	title = "Detecting overlapping community structure of networks based on vertex--vertex correlations",
	journal = "Journal of Statistical Mechanics: Theory and Experiment",
	volume = "2009",
	number = "11",
	pages = "P11013",
	url = "http://stacks.iop.org/1742-5468/2009/i=11/a=P11013",
	year = "2009",
}

@article{Psorakis4,
  title = {Overlapping community detection using Bayesian non-negative matrix factorization},
  author = {Psorakis, Ioannis and Roberts, Stephen and Ebden, Mark and Sheldon, Ben},
  journal = {Phys. Rev. E},
  volume = {83},
  issue = {6},
  pages = {066114},
  numpages = {9},
  year = {2011},
  month = {Jun},
  publisher = {American Physical Society},
  doi = {10.1103/PhysRevE.83.066114},
  url = {http://link.aps.org/doi/10.1103/PhysRevE.83.066114}
}



@article{Frey07,
    author = "Brendan J. Frey and Delbert Dueck",
    title = "Clustering by Passing Messages Between Data Points",
    journal = "Science",
    volume = "315",
    pages = "972--976",
    year = "2007",
    url = "www.psi.toronto.edu/affinitypropagation" }



@INPROCEEDINGS{6137400, 
author={Jierui Xie and Szymanski, B.K. and Xiaoming Liu}, 
booktitle={2011 IEEE 11th International Conference on Data Mining Workshops (ICDMW)}, 
title={SLPA: Uncovering Overlapping Communities in Social Networks via a Speaker-Listener Interaction Dynamic Process}, 
year={2011}, 
month={Dec}, 
pages={344-349}, 
}

@article{Chen:2010,
 author = {Chen, Wei and Liu, Zhenming and Sun, Xiaorui and Wang, Yajun},
 title = {A Game-theoretic Framework to Identify Overlapping Communities in Social Networks},
 journal = {Data Min. Knowl. Discov.},
 issue_date = {September 2010},
 volume = {21},
 number = {2},
 month = sep,
 year = {2010},
 issn = {1384-5810},
 pages = {224--240},
 publisher = {Kluwer Academic Publishers},
 address = {Hingham, MA, USA},
 }

@inproceedings{Breve:2009,
 author = {Breve, Fabricio and Zhao, Liang and Quiles, Marcos},
 title = {Uncovering Overlap Community Structure in Complex Networks Using Particle Competition},
 booktitle = {Proceedings of the International Conference on Artificial Intelligence and Computational Intelligence},
 series = {AICI '09},
 year = {2009},
 pages = {619--628},
 publisher = {Springer-Verlag},
 address = {Berlin, Heidelberg},
 }

@inproceedings{Gregory:2008,
 author = {Gregory, Steve},
 title = {A Fast Algorithm to Find Overlapping Communities in Networks},
 booktitle = {Proceedings of the 2008 European Conference on Machine Learning and Knowledge Discovery in Databases - Part I},
 series = {ECML PKDD '08},
 year = {2008},
 pages = {408--423},
 publisher = {Springer-Verlag},
 address = {Berlin, Heidelberg},
}

@incollection{Gregory2009,
  address = {Berlin / Heidelberg},
  author = {Gregory, Steve},
  booktitle = {Complex Networks},
  editor = {Fortunato, Santo and Mangioni, Giuseppe and Menezes, Ronaldo and Nicosia, Vincenzo},
  pages = {47-61},
  publisher = {Springer},
  series = {Studies in Computational Intelligence},
  title = {Finding Overlapping Communities Using Disjoint Community Detection Algorithms},
  volume = 207,
  year = 2009
}

@inproceedings{Zhang:2009,
 author = {Zhang, Yuzhou and Wang, Jianyong and Wang, Yi and Zhou, Lizhu},
 title = {Parallel Community Detection on Large Networks with Propinquity Dynamics},
 booktitle = {Proceedings of the 15th ACM SIGKDD International Conference on Knowledge Discovery and Data Mining},
 series = {KDD '09},
 year = {2009},
 pages = {997--1006},
 publisher = {ACM},
 address = {New York, NY, USA},
 } 

@ARTICLE{Kovacs10,
    author = {István A. Kovács and Robin Palotai and Máté S. Szalay and Peter Csermely},
    title = {Community landscapes: an integrative approach to determine overlapping network module hierarchy, identify key nodes and predict network dynamics},
    journal = {PLoS One},
    year = {2010},
    pages = {12528}
}

@INPROCEEDINGS{5562742, 
author={Rees, B.S. and Gallagher, K.B.}, 
booktitle={2010 International Conference on Advances in Social Networks Analysis and Mining (ASONAM)}, 
title={Overlapping Community Detection by Collective Friendship Group Inference}, 
year={2010}, 
month={Aug}, 
pages={375-379}, 
}
@article{Mcauley:2014,
 author = {Mcauley, Julian and Leskovec, Jure},
 title = {Discovering Social Circles in Ego Networks},
 journal = {ACM Trans. Knowl. Discov. Data},
 issue_date = {February 2014},
 volume = {8},
 number = {1},
 month = feb,
 year = {2014},
 pages = {4:1--4:28},
 publisher = {ACM},
 address = {New York, NY, USA},
 }



@Article{Danon,
	author = "Leon Danon and Albert D{\'i}az-Guilera and Jordi Duch and Alex Arenas",
	title = "Comparing community structure identification",
	journal = "Journal of Statistical Mechanics: Theory and Experiment",
	volume = "2005",
	number = "09",
	pages = "P09008",
	url = "http://stacks.iop.org/1742-5468/2005/i=09/a=P09008",
	year = "2005",
	}

@inproceedings{Leskovec:2010,
 author = {Leskovec, Jure and Lang, Kevin J. and Mahoney, Michael},
 title = {Empirical Comparison of Algorithms for Network Community Detection},
 booktitle = {Proceedings of the 19th International Conference on World Wide Web},
 series = {WWW '10},
 year = {2010},
 pages = {631--640},
 publisher = {ACM},
 address = {New York, NY, USA},
 }

@inproceedings{Vinh:2009,
 author = {Vinh, Nguyen Xuan and Epps, Julien and Bailey, James},
 title = {Information Theoretic Measures for Clusterings Comparison: Is a Correction for Chance Necessary?},
 booktitle = {Proceedings of the 26th Annual International Conference on Machine Learning},
 series = {ICML '09},
 year = {2009},
 isbn = {978-1-60558-516-1},
 location = {Montreal, Quebec, Canada},
 pages = {1073--1080},
 numpages = {8},
 url = {http://doi.acm.org/10.1145/1553374.1553511},
 doi = {10.1145/1553374.1553511},
 acmid = {1553511},
 publisher = {ACM},
 address = {New York, NY, USA},
}

@article{rand1971,
  added-at = {2006-03-21T11:09:44.000+0100},
  author = {Rand, W.M.},
  biburl = {http://www.bibsonomy.org/bibtex/2fd52548cb4bcd8e83dd27e4b55eff1f3/hotho},
  interhash = {1afaf0170bc705a9e49b625f67679ee2},
  intrahash = {fd52548cb4bcd8e83dd27e4b55eff1f3},
  journal = {Journal of the American Statistical Association },
  keywords = {cluster clustering criteria evaluation index rand},
  number = 336,
  pages = {846-850},
  timestamp = {2006-03-21T11:09:44.000+0100},
  title = {Objective criteria for the evaluation of clustering methods},
  volume = 66,
  year = 1971
}

@article{hubert1985,
  added-at = {2009-08-17T10:11:23.000+0200},
  author = {Hubert, L. and Arabie, P.},
  biburl = {http://www.bibsonomy.org/bibtex/24a3c884446b9c874b40588f9d86c0f6c/folke},
  interhash = {c9272c8f9d5aff7ebe43325b5b36ba39},
  intrahash = {4a3c884446b9c874b40588f9d86c0f6c},
  journal = {Journal of classification},
  keywords = {adjusted ari clustering evaluation index rand},
  number = 1,
  pages = {193--218},
  publisher = {Springer},
  timestamp = {2009-08-17T10:11:23.000+0200},
  title = {{Comparing partitions}},
  url = {http://scholar.google.de/scholar.bib?q=info:IkrWWF2JxwoJ:scholar.google.com/&output=citation&hl=de&ct=citation&cd=0},
  volume = 2,
  year = 1985
}

@Article{ collins1988,
	author = "L. M. Collins and C. W. Dent",
	citeulike-article-id = "8870632",
	journal = "Multivariate Behavioral Research",
	keywords = "nmi",
	number = "2",
	pages = "231--242",
	posted-at = "2011-02-22 13:58:47",
	priority = "0",
	publisher = "Psychology Press",
	title = "{Omega: A general formulation of the rand index of cluster recovery suitable for non-disjoint solutions}",
	volume = "23",
	year = "1988"
}



@article{Labatut,
  author    = {Vincent Labatut},
  title     = {Generalized Measures for the Evaluation of Community Detection
               Methods},
  journal   = {CoRR},
  volume    = {abs/1303.5441},
  year      = {2013},
  }


@article{Barthelemy,
  author = {Fortunato, Santo and Barthelemy, M},
  journal = {PNAS},
  month = Jan,
  title = {Resolution limit in community detection},
  year = 2007
}

@Article{ Berry_PRE2011,
	author = "Jonathan W. Berry and Bruce Hendrickson and Randall A. LaViolette and Cynthia A. Phillips",
	journal = "Physical Review E",
	month = may,
	number = "5",
	pages = "056119",
	publisher = "American Physical Society",
	title = "{Tolerating the community detection resolution limit with edge weighting}",
	volume = "83",
	year = "2011"
}

@inproceedings{Backstrom:2006,
 author = {Backstrom, Lars and Huttenlocher, Dan and Kleinberg, Jon and Lan, Xiangyang},
 title = {Group Formation in Large Social Networks: Membership, Growth, and Evolution},
 booktitle = {Proceedings of the 12th ACM SIGKDD International Conference on Knowledge Discovery and Data Mining},
 series = {KDD '06},
 year = {2006},
 pages = {44--54},
 publisher = {ACM},
 address = {New York, NY, USA},
 keywords = {diffusion of innovations, on-line communities, social networks},
} 


@Article{ citeulike:938243,
	address = "Department of Ecology and Evolutionary Biology, Princeton University, Princeton, NJ, 08544, USA.",
	author = "Siva R. Sundaresan and Ilya R. Fischhoff and Jonathan Dushoff and Daniel I. Rubenstein",
	journal = "Oecologia",
	month = feb,
	number = "1",
	pages = "140--149",
	publisher = "Springer Berlin / Heidelberg",
	title = "{Network metrics reveal differences in social organization between two fission--fusion species, Grevy's zebra and onager}",
	volume = "151",
	year = "2007"
}

@inproceedings{Berger-Wolf:2006,
 author = {Berger-Wolf, Tanya Y. and Saia, Jared},
 title = {A Framework for Analysis of Dynamic Social Networks},
 booktitle = {Proceedings of the 12th ACM SIGKDD International Conference on Knowledge Discovery and Data Mining},
 series = {KDD '06},
 year = {2006},
 pages = {523--528},
 publisher = {ACM},
 address = {New York, NY, USA},
 }

@inproceedings{Spiliopoulou:2006,
 author = {Spiliopoulou, Myra and Ntoutsi, Irene and Theodoridis, Yannis and Schult, Rene},
 title = {MONIC: Modeling and Monitoring Cluster Transitions},
 booktitle = {Proceedings of the 12th ACM SIGKDD International Conference on Knowledge Discovery and Data Mining},
 series = {KDD '06},
 year = {2006},
 isbn = {1-59593-339-5},
 location = {Philadelphia, PA, USA},
 pages = {706--711},
 numpages = {6},
 url = {http://doi.acm.org/10.1145/1150402.1150491},
 doi = {10.1145/1150402.1150491},
 acmid = {1150491},
 publisher = {ACM},
 address = {New York, NY, USA},
 keywords = {cluster change detection, cluster transitions, clusters, data streams, temporal analysis},
}

@inproceedings{Tantipathananandh:2009,
 author = {Tantipathananandh, Chayant and Berger-Wolf, Tanya},
 title = {Constant-factor Approximation Algorithms for Identifying Dynamic Communities},
 booktitle = {Proceedings of the 15th ACM SIGKDD International Conference on Knowledge Discovery and Data Mining},
 series = {KDD '09},
 year = {2009},
 pages = {827--836},
 publisher = {ACM},
 address = {New York, NY, USA},
 keywords = {approximation algorithms, community identification, dynamic social networks},
}

@MISC{Pearson_drif,
    author = {Michael Pearson},
    title = {Drifting smoke rings: Social network analysis and Markov processes in a longitudinal study of friendship groups and risk-taking, Connections},
    year = {2003}
}


@inproceedings{Tantipathananandh:2007,
 author = {Tantipathananandh, Chayant and Berger-Wolf, Tanya and Kempe, David},
 title = {A Framework for Community Identification in Dynamic Social Networks},
 booktitle = {Proceedings of the 13th ACM SIGKDD International Conference on Knowledge Discovery and Data Mining},
 series = {KDD '07},
 year = {2007},
 isbn = {978-1-59593-609-7},
 location = {San Jose, California, USA},
 pages = {717--726},
 numpages = {10},
 url = {http://doi.acm.org/10.1145/1281192.1281269},
 doi = {10.1145/1281192.1281269},
 acmid = {1281269},
 publisher = {ACM},
 address = {New York, NY, USA},
 keywords = {community identification, dynamic social networks},
} 

@inproceedings{Lin:2008,
 author = {Lin, Yu-Ru and Chi, Yun and Zhu, Shenghuo and Sundaram, Hari and Tseng, Belle L.},
 title = {Facetnet: A Framework for Analyzing Communities and Their Evolutions in Dynamic Networks},
 booktitle = {Proceedings of the 17th International Conference on World Wide Web},
 series = {WWW '08},
 year = {2008},
 isbn = {978-1-60558-085-2},
 location = {Beijing, China},
 pages = {685--694},
 numpages = {10},
 url = {http://doi.acm.org/10.1145/1367497.1367590},
 doi = {10.1145/1367497.1367590},
 acmid = {1367590},
 publisher = {ACM},
 address = {New York, NY, USA},
 keywords = {community, community net, evolution, evolution net, non-negative matrix factorization, soft membership},
}

@INPROCEEDINGS{5562773, 
author={Greene, D. and Doyle, D. and Cunningham, P.}, 
booktitle={2010 International Conference on Advances in Social Networks Analysis and Mining (ASONAM)}, 
title={Tracking the Evolution of Communities in Dynamic Social Networks}, 
year={2010}, 
month={Aug}, 
pages={176-183}
}

@article{citeulike:1206611,
  author = {Palla, Gergely and Barabasi, Albert-Laszlo and Vicsek, Tamas},
  journal = {Nature},
  month = {April},
  number = 7136,
  pages = {664--667},
  title = {Quantifying social group evolution},
  volume = 446,
  year = 2007
}

@article{Asur:2009,
 author = {Asur, Sitaram and Parthasarathy, Srinivasan and Ucar, Duygu},
 title = {An Event-based Framework for Characterizing the Evolutionary Behavior of Interaction Graphs},
 journal = {ACM Trans. Knowl. Discov. Data},
 volume = {3},
 number = {4},
 month = dec,
 year = {2009},
 pages = {16:1--16:36},
 publisher = {ACM},
 address = {New York, NY, USA},
 keywords = {Dynamic interaction networks, diffusion of innovations, evolutionary analysis},
} 

@article{Povh,
 author = {Lu\"{e}ar, B. and Levnajić, Z. and Povh, J. and Perc, M.},
 title = {Community Structure and the Evolution of Interdisciplinarity in Slovenia's Scientific Collaboration Network},
 journal = {PLoS ONE},
 volume = {9},
 number = {4},
 month = dec,
 year = {2014},
 pages = {e94429},
 publisher = {ACM},
 address = {New York, NY, USA},
 keywords = {Dynamic interaction networks, diffusion of innovations, evolutionary analysis},
} 

@article{Clauset.Moore,
  added-at = {2009-09-18T15:57:02.000+0200},
  author = {Clauset, Aaron and Moore, Cristopher and Newman, M. E. J.},
  biburl = {http://www.bibsonomy.org/bibtex/2f893c8d903c6c92de4cbf125378f5a75/janlo},
  doi = {10.1038/nature06830},
  interhash = {3890912509074cdb4d6751a1d5f9720f},
  intrahash = {f893c8d903c6c92de4cbf125378f5a75},
  jlprojects = {networks},
  journal = {Nature},
  keywords = {},
  pages = {98--101},
  timestamp = {2009-09-18T15:57:02.000+0200},
  title = {Hierarchical structure and the prediction of missing links in networks},
  url = {http://dx.doi.org/10.1038/nature06830},
  volume = 453,
  year = 2008
}

@INPROCEEDINGS{6412391, 
author={Valverde-Rebaza, J. and de Andrade Lopes, A.}, 
booktitle={2012 Fourth International Conference on Computational Aspects of Social Networks (CASoN)}, 
title={Structural link prediction using community information on Twitter}, 
year={2012}, 
month={Nov}, 
pages={132-137}
}

@InProceedings{ Valverde-RebazaICSA2014,
	title = "Link Prediction in Online Social Networks Using Group Information",
	journal = "Proceeedings of the 14th International Conference on Computational Science and Its Applications {\textendash} ICCSA 2014",
	volume = "8584",
	year = "2014",
	pages = "31 -- 45",
	publisher = "Springer",
	edition = "Lecture Notes in Computer Science",
	address = "Portugal",
	url = "http://dx.doi.org/10.1007/978-3-319-09153-2_3",
	author = "Jorge Carlos Valverde-Rebaza and Alneu Andrade Lopes"
}

@INPROCEEDINGS{5460690, 
author={Sachan, M. and Ichise, R.}, 
booktitle={2010 Second International Conference on Machine Learning and Computing (ICMLC)}, 
title={Using Abstract Information and Community Alignment Information for Link Prediction}, 
year={2010}, 
month={Feb}, 
pages={61-65}
}

@Article{ Li2014432,
	title = "A Clustering-based Link Prediction Method in Social Networks ",
	journal = "Procedia Computer Science ",
	volume = "29",
	number = "0",
	pages = "432--442",
	year = "2014",
	note = "2014 International Conference on Computational Science ",
	author = "Fenhua Li and Jing He and Guangyan Huang and Yanchun Zhang and Yong Shi",
}

@INPROCEEDINGS{6425767, 
author={Belak, V. and Lam, S. and Hayes, C.}, 
booktitle={ 2012 IEEE/ACM International Conference on Advances in Social Networks Analysis and Mining (ASONAM)}, 
title={Towards Maximising Cross-Community Information Diffusion}, 
year={2012}, 
month={Aug}, 
pages={171-178}
}

@article{Nematzadeh,
  title = {Optimal Network Modularity for Information Diffusion},
  author = {Nematzadeh, Azadeh and Ferrara, Emilio and Flammini, Alessandro and Ahn, Yong-Yeol},
  journal = {Phys. Rev. Lett.},
  volume = {113},
  issue = {8},
  pages = {088701},
  numpages = {5},
  year = {2014},
  month = {Aug},
  publisher = {American Physical Society},
  doi = {10.1103/PhysRevLett.113.088701},
  url = {http://link.aps.org/doi/10.1103/PhysRevLett.113.088701}
}

@inproceedings{KimuraYSM08,
  author = {Kimura, Masahiro and Yamakawa, Kazumasa and Saito, Kazumi and Motoda, Hiroshi},
  booktitle = {IJCNN},
  pages = {1358-1363},
  publisher = {IEEE},
  title = {Community analysis of influential nodes for information diffusion on a social network.},
  year = 2008
}

@article{Weng13,
  author = {Weng, L. and Menczer, F. and Ahn, Y.-Y.},
  journal = {Sci. Rep.},
  number = 2522,
  title = {Virality Prediction and Community Structure in Social Networks},
  url = {http://dx.doi.org/10.1038/srep02522},
  volume = 3,
  year = 2013
}

@Article{ Chen20121848,
	title = "Epidemic spreading on networks with overlapping community structure ",
	journal = "Physica A: Statistical Mechanics and its Applications ",
	volume = "391",
	number = "4",
	pages = "1848--1854",
	year = "2012",
	note = "",
	author = "Jiancong Chen and Huiling Zhang and Zhi-Hong Guan and Tao Li",
	}


@Article{Xiangwei,
	author = "Xiangwei Chu and Jihong Guan and Zhongzhi Zhang and Shuigeng Zhou",
	title = "Epidemic spreading in weighted scale-free networks with community structure",
	journal = "Journal of Statistical Mechanics: Theory and Experiment",
	volume = "2009",
	number = "07",
	pages = "P07043",
	url = "http://stacks.iop.org/1742-5468/2009/i=07/a=P07043",
	year = "2009",
	}

@INPROCEEDINGS{Shang6903136, 
author={Jiaxing Shang and Lianchen Liu and Feng Xie and Cheng Wu}, 
booktitle={2014 IEEE 38th International Computer Software and Applications Conference Workshops (COMPSACW)}, 
title={How Overlapping Community Structure Affects Epidemic Spreading in Complex Networks}, 
year={2014}, 
month={July}, 
pages={240-245}
}

@INPROCEEDINGS{Zhuhadar, 
author={Zhuhadar, L. and Rong Yang and Nasraoui, O.}, 
booktitle={2012 IEEE/WIC/ACM International Conferences on Web Intelligence and Intelligent Agent Technology (WI-IAT)}, 
title={Toward the Design of a Recommender System: Visual Clustering and Detecting Community Structure in a Web Usage Network}, 
year={2012}, 
month={Dec}, 
volume={1}, 
pages={354-361}
}


@INPROCEEDINGS{Isboa, 
author={Lisboa, P. and AL-Mamory, H. and Bhaya W.}, 
booktitle={The Post  Graduate Network Symposium (PGNet2013)} ,
title={TImproving Recommendation Systems by Modeling the Stability of Implicit Behaviour}, 
year={2013}, 
month={Dec},  
pages={354-361}
}

@inproceedings{Kamahara:2005,
  author = {Kamahara, J. and Asakawa, T. and Shimojo, S. and Miyahara, H.},
  booktitle = {Multimedia Modelling Conference, 2005. MMM 2005. Proceedings of the 11th International},
  month = {Jan.},
  pages = {433-438},
  title = {A Community-Based Recommendation System to Reveal Unexpected Interests},
  year = 2005
}

@MISC{Musto_atag,
    author = {Cataldo Musto and Pasquale Lops and Fedelucio Narducci and Giovanni Semeraro and Marco De Gemmis},
    title = {A Tag Recommender System Exploiting User and Community Behavior},
    year = {}
}

@INPROCEEDINGS{Fatemi, 
author={Fatemi, M. and Tokarchuk, L.}, 
booktitle={2013 International Conference on Social Computing (SocialCom)}, 
title={A Community Based Social Recommender System for Individuals amp; Groups}, 
year={2013}, 
month={Sept}, 
pages={351-356}}
