@Article{TSMML10:smallworld,
	author = {John Tang and Salvatore Scellato and Mirco Musolesi and Cecilia Mascolo and Vito Latora},
	title = {Small-world Behavior in Time-varying Graphs},
	journal = {Physical Review E},
	year = {2010},
	volume = {81},
	number = {5},
	month = {May},
	note = {055101(R)}
}

@article{Holme2012,
  added-at = {2013-04-19T22:21:38.000+0200},
  author = {Holme, Petter and Saram\"{a}ki, Jari},
  biburl = {http://www.bibsonomy.org/bibtex/2e7a615fb09961dd174c374d8697f0a4c/lantiq},
  file = {full paper:Holme2012.pdf:PDF},
  groups = {public},
  interhash = {b6761174401da537a5de08f31c0685d3},
  intrahash = {e7a615fb09961dd174c374d8697f0a4c},
  journal = {Physics Reports},
  keywords = {networks survey temporal},
  number = 3,
  pages = {97-125},
  timestamp = {2013-04-19T22:21:38.000+0200},
  title = {Temporal networks},
  username = {lantiq},
  volume = 519,
  year = 2012
}

@article{journals/corr/abs-1012-0260,
  added-at = {2012-10-10T00:00:00.000+0200},
  author = {Basu, Prithwish and Bar-Noy, Amotz and Ramanathan, Ram and Johnson, Matthew P.},
  biburl = {http://www.bibsonomy.org/bibtex/28f0528a3ed16a2f720de525207bfc562/dblp},
  ee = {http://arxiv.org/abs/1012.0260},
  interhash = {e9801b45ccbc87a50e59fa24c9ebc9ae},
  intrahash = {8f0528a3ed16a2f720de525207bfc562},
  journal = {CoRR},
  keywords = {dblp},
  timestamp = {2012-10-10T00:00:00.000+0200},
  title = {Modeling and Analysis of Time-Varying Graphs},
  url = {http://dblp.uni-trier.de/db/journals/corr/corr1012.html#abs-1012-0260},
  volume = {abs/1012.0260},
  year = 2010
}

@article{perra2012activity,
  title={Activity driven modeling of time varying networks},
  author={Perra, Nicola and Gon{\c{c}}alves, Bruno and Pastor-Satorras, Romualdo and Vespignani, Alessandro},
  journal={Scientific reports},
  volume={2},
  year={2012},
  publisher={Nature Publishing Group}
}

@article{starnini2012random,
  title={Random walks on temporal networks},
  author={Starnini, Michele and Baronchelli, Andrea and Barrat, Alain and Pastor-Satorras, Romualdo},
  journal={Physical Review E},
  volume={85},
  number={5},
  pages={056115},
  year={2012},
  publisher={APS}
}

@article{vespignani2011modelling,
  title={Modelling dynamical processes in complex socio-technical systems},
  author={Vespignani, Alessandro},
  journal={Nature Physics},
  volume={8},
  number={1},
  pages={32--39},
  year={2011},
  publisher={Nature Publishing Group}
}

@article{hill2010dynamic,
  title={Dynamic model of time-dependent complex networks},
  author={Hill, Scott A and Braha, Dan},
  journal={Physical Review E},
  volume={82},
  number={4},
  pages={046105},
  year={2010},
  publisher={APS}
}

@article{hanneke2010discrete,
  title={Discrete temporal models of social networks},
  author={Hanneke, Steve and Fu, Wenjie and Xing, Eric P},
  journal={Electronic Journal of Statistics},
  volume={4},
  pages={585--605},
  year={2010},
  publisher={Institute of Mathematical Statistics}
}

@inproceedings{tang2009temporal,
  title={Temporal distance metrics for social network analysis},
  author={Tang, John and Musolesi, Mirco and Mascolo, Cecilia and Latora, Vito},
  booktitle={Proceedings of the 2nd ACM workshop on Online social networks},
  pages={31--36},
  year={2009},
  organization={ACM}
}

@article{karsai2011small,
  title={Small but slow world: How network topology and burstiness slow down spreading},
  author={Karsai, M{\'a}rton and Kivel{\"a}, Mikko and Pan, Raj Kumar and Kaski, Kimmo and Kert{\'e}sz, J{\'a}nos and Barab{\'a}si, A-L and Saram{\"a}ki, Jari},
  journal={Physical Review E},
  volume={83},
  number={2},
  pages={025102},
  year={2011},
  publisher={APS}
}

@article{newman2006modularity,
  title={Modularity and community structure in networks},
  author={Newman, Mark EJ},
  journal={Proceedings of the National Academy of Sciences},
  volume={103},
  number={23},
  pages={8577--8582},
  year={2006},
  publisher={National Acad Sciences}
}

@article{kwiatkowski1992testing,
  title={Testing the null hypothesis of stationarity against the alternative of a unit root: How sure are we that economic time series have a unit root?},
  author={Kwiatkowski, Denis and Phillips, Peter CB and Schmidt, Peter and Shin, Yongcheol},
  journal={Journal of econometrics},
  volume={54},
  number={1},
  pages={159--178},
  year={1992},
  publisher={Elsevier}
}

@article{dickey1979distribution,
  title={Distribution of the estimators for autoregressive time series with a unit root},
  author={Dickey, David A and Fuller, Wayne A},
  journal={Journal of the American statistical association},
  volume={74},
  number={366a},
  pages={427--431},
  year={1979},
  publisher={Taylor \& Francis}
}

@article{Young1977,
author = {Young, Warren L.},
journal = {RAIRO - Operations Research - Recherche Op√©rationnelle},
language = {eng},
number = {2},
pages = {129-143},
publisher = {EDP Sciences},
title = {The Box-Jenkins approach to time series analysis and forecasting : principles and applications},
url = {http://eudml.org/doc/104658},
volume = {11},
year = {1977},
}

@article{stehle2010dynamical,
  title={Dynamical and bursty interactions in social networks},
  author={Stehl{\'e}, Juliette and Barrat, Alain and Bianconi, Ginestra},
  journal={Physical review E},
  volume={81},
  number={3},
  pages={035101},
  year={2010},
  publisher={APS}
}

@article{albert2002statistical,
  title={Statistical mechanics of complex networks},
  author={Albert, R{\'e}ka and Barab{\'a}si, Albert-L{\'a}szl{\'o}},
  journal={Reviews of modern physics},
  volume={74},
  number={1},
  pages={47},
  year={2002},
  publisher={APS}
}

@article{newman2000models,
  title={Models of the small world},
  author={Newman, Mark EJ},
  journal={Journal of Statistical Physics},
  volume={101},
  number={3-4},
  pages={819--841},
  year={2000},
  publisher={Springer}
}

@article{pan2011path,
  title={Path lengths, correlations, and centrality in temporal networks},
  author={Pan, Raj Kumar and Saram{\"a}ki, Jari},
  journal={Physical Review E},
  volume={84},
  number={1},
  pages={016105},
  year={2011},
  publisher={APS}
}

@article{zhao2011social,
  title={Social network dynamics of face-to-face interactions},
  author={Zhao, Kun and Stehl{\'e}, Juliette and Bianconi, Ginestra and Barrat, Alain},
  journal={Physical Review E},
  volume={83},
  number={5},
  pages={056109},
  year={2011},
  publisher={APS}
}

@article{hamilton1989new,
  title={A new approach to the economic analysis of nonstationary time series and the business cycle},
  author={Hamilton, James D},
  journal={Econometrica: Journal of the Econometric Society},
  pages={357--384},
  year={1989},
  publisher={JSTOR}
}

@article{o2010tweets,
  title={From Tweets to Polls: Linking Text Sentiment to Public Opinion Time Series.},
  author={O'Connor, Brendan and Balasubramanyan, Ramnath and Routledge, Bryan R and Smith, Noah A},
  journal={ICWSM},
  volume={11},
  pages={122--129},
  year={2010}
}

@article{hempel2011inner,
  title={Inner composition alignment for inferring directed networks from short time series},
  author={Hempel, S and Koseska, A and Kurths, J and Nikoloski, Z},
  journal={Physical review letters},
  volume={107},
  number={5},
  pages={054101},
  year={2011},
  publisher={APS}
}

@article{barabasi2005origin,
  title={The origin of bursts and heavy tails in human dynamics},
  author={Barabasi, Albert-Laszlo},
  journal={Nature},
  volume={435},
  number={7039},
  pages={207--211},
  year={2005},
  publisher={Nature Publishing Group}
}

@article{thlab-sigcomm2009-mobiclique-proximity-2012-07-15,
  author = {Anna-Kaisa Pietilainen and Christophe Diot},
  title = {{CRAWDAD} trace thlab/sigcomm2009/mobiclique/proximity (v. 2012-07-15)}, 
  howpublished = {Downloaded from http://crawdad.cs.dartmouth.edu/thlab/sigcomm2009/mobiclique/proximity},
  month = jul,  
  year = 2012
}
	
@article{cambridge-haggle-imote-infocom2006-2009-05-29,
  author = {James Scott and Richard Gass and Jon Crowcroft and Pan Hui and Christophe Diot and Augustin Chaintreau},
  title = {{CRAWDAD} trace cambridge/haggle/imote/infocom2006 (v. 2009-05-29)}, 
  howpublished = {Downloaded from http://crawdad.cs.dartmouth.edu/cambridge/haggle/imote/infocom2006},
  month = may,  
  year = 2009
}

@article{blondel2008fast,
  title={Fast unfolding of communities in large networks},
  author={Blondel, Vincent D and Guillaume, Jean-Loup and Lambiotte, Renaud and Lefebvre, Etienne},
  journal={Journal of Statistical Mechanics: Theory and Experiment},
  volume={2008},
  number={10},
  pages={P10008},
  year={2008},
  publisher={IOP Publishing}
}

@article{shimada2012networks,
  title={From networks to time series},
  author={Shimada, Yutaka and Ikeguchi, Tohru and Shigehara, Takaomi},
  journal={Physical review letters},
  volume={109},
  number={15},
  pages={158701},
  year={2012},
  publisher={APS}
}
@inproceedings{viswanath2009evolution,
  title={On the evolution of user interaction in facebook},
  author={Viswanath, Bimal and Mislove, Alan and Cha, Meeyoung and Gummadi, Krishna P},
  booktitle={Proceedings of the 2nd ACM workshop on Online social networks},
  pages={37--42},
  year={2009},
  organization={ACM}
}
@article{sur2014attack,
  title={Attack tolerance of correlated time-varying social networks with well-defined communities},
  author={Sur, Souvik and Ganguly, Niloy and Mukherjee, Animesh},
  journal={Physica A: Statistical Mechanics and its Applications},
  year={2014},
  publisher={Elsevier}
}

@article{fournet2014contact,
  title={Contact patterns among high school students},
  author={Fournet, Julie and Barrat, Alain},
  year={2014}
}
@article{vanhems2013estimating,
  title={Estimating potential infection transmission routes in hospital wards using wearable proximity sensors},
  author={Vanhems, Philippe and Barrat, Alain and Cattuto, Ciro and Pinton, Jean-Fran{\c{c}}ois and Khanafer, Nagham and R{\'e}gis, Corinne and Kim, Byeul-a and Comte, Brigitte and Voirin, Nicolas},
  journal={PloS one},
  volume={8},
  number={9},
  pages={e73970},
  year={2013},
  publisher={Public Library of Science}
}

@article{trajanovski2012error,
  title={Error and attack vulnerability of temporal networks},
  author={Trajanovski, Stojan and Scellato, S and Leontiadis, I},
  journal={Physical Review E},
  volume={85},
  number={6},
  pages={066105},
  year={2012},
  publisher={APS}
}

@book{box2011time,
  title={Time series analysis: forecasting and control},
  author={Box, George EP and Jenkins, Gwilym M and Reinsel, Gregory C},
  volume={734},
  year={2011},
  publisher={John Wiley \& Sons}
}

@article{scherrer2008description,
  title={Description and simulation of dynamic mobility networks},
  author={Scherrer, Antoine and Borgnat, Pierre and Fleury, Eric and Guillaume, J-L and Robardet, C{\'e}line},
  journal={Computer Networks},
  volume={52},
  number={15},
  pages={2842--2858},
  year={2008},
  publisher={Elsevier}
}

@inproceedings{niwattanakul2013using,
  title={Using of Jaccard coefficient for keywords similarity},
  author={Niwattanakul, Suphakit and Singthongchai, Jatsada and Naenudorn, Ekkachai and Wanapu, Supachanun},
  booktitle={Proceedings of the International MultiConference of Engineers and Computer Scientists},
  volume={1},
  pages={6},
  year={2013}
}

@inproceedings{bawa2005lsh,
  title={LSH forest: self-tuning indexes for similarity search},
  author={Bawa, Mayank and Condie, Tyson and Ganesan, Prasanna},
  booktitle={Proceedings of the 14th international conference on World Wide Web},
  pages={651--660},
  year={2005},
  organization={ACM}
}

@book{chatfield2013analysis,
  title={The analysis of time series: an introduction},
  author={Chatfield, Chris},
  year={2013},
  publisher={CRC press}
}

@article{lu2011link,
  title={Link prediction in complex networks: A survey},
  author={L{\"u}, Linyuan and Zhou, Tao},
  journal={Physica A: Statistical Mechanics and its Applications},
  volume={390},
  number={6},
  pages={1150--1170},
  year={2011},
  publisher={Elsevier}
}

@article{lu2009similarity,
  title={Similarity index based on local paths for link prediction of complex networks},
  author={L{\"u}, Linyuan and Jin, Ci-Hang and Zhou, Tao},
  journal={Physical Review E},
  volume={80},
  number={4},
  pages={046122},
  year={2009},
  publisher={APS}
}
@article{pan2010detecting,
  title={Detecting community structure in complex networks via node similarity},
  author={Pan, Ying and Li, De-Hua and Liu, Jian-Guo and Liang, Jing-Zhang},
  journal={Physica A: Statistical Mechanics and its Applications},
  volume={389},
  number={14},
  pages={2849--2857},
  year={2010},
  publisher={Elsevier}
}
