@book{chatfield2013analysis,
  title={The analysis of time series: an introduction},
  author={Chatfield, Chris},
  year={2013},
  publisher={CRC press}
}

@book{box2011time,
  title={Time series analysis: forecasting and control},
  author={Box, George EP and Jenkins, Gwilym M and Reinsel, Gregory C},
  volume={734},
  year={2011},
  publisher={John Wiley \& Sons}
}

@article{scherrer2008description,
  title={Description and simulation of dynamic mobility networks},
  author={Scherrer, Antoine and Borgnat, Pierre and Fleury, Eric and Guillaume, J-L and Robardet, C{\'e}line},
  journal={Computer Networks},
  volume={52},
  number={15},
  pages={2842--2858},
  year={2008},
  publisher={Elsevier}
}

@Article{TSMML10:smallworld,
	author = {John Tang and Salvatore Scellato and Mirco Musolesi and Cecilia Mascolo and Vito Latora},
	title = {Small-world Behavior in Time-varying Graphs},
	journal = {Physical Review E},
	year = {2010},
	volume = {81},
	number = {5},
	month = {May},
	note = {055101(R)}
}

